2284 3425
192 180 248 238 196
432 197 596 238 rrrnnnrus
617 197 745 239 crrrrcus

190 385 314 444 breviter
336 387 474 458 excerpsit
486 387 541 459 (1).
556 386 701 458 Allegoria
717 385 784 443 baec
802 385 993 458 «quibusdam

190 484 299 543 devotis
321 485 464 556 parabolis
483 487 512 541 et
525 484 734 557 aenigmatibus
747 484 911 547 declaravit,
926 501 993 556 qua·

190 584 256 640 liter
285 583 384 640 beatus
412 583 580 640 Franciscus
612 583 809 655 paupertatem
840 583 996 655 diligenter

190 683 330 754 quaesivit
350 682 379 738 et
399 682 505 754 reperit
526 682 554 738 et
576 698 637 738 eam
658 682 793 740 invitavit
819 682 848 738 et
875 681 994 754 despon-

190 778 362 856 savit(2)»;
385 782 428 836 est
450 796 557 851 poema,
580 796 636 837 non
656 779 728 837 liber
742 779 903 848 historicus
918 780 995 837 unde

172 878 219 961 ¹et
240 879 400 950 excerptum
424 878 553 935 Ubertini
575 894 625 934 nec
646 878 721 935 iacta
738 877 874 935 historica
887 877 994 935 referre

193 977 297 1047 potest,
319 993 369 1033 nec
390 977 543 1033 orationem
566 993 583 1032 a
600 977 628 1032 S.
644 976 793 1033 Francisco
808 993 907 1053 reapse
920 993 994 1035 com·

191 1075 312 1145 positam
333 1073 463 1132 exhibere
485 1075 555 1131 vult.
577 1073 685 1144 Quibus
708 1076 880 1147 praemissis,
902 1091 993 1146 pauca

190 1173 222 1230 de
245 1172 419 1231 orationibus
441 1173 573 1241 dicemus,
596 1175 722 1265 quasin
751 1176 850 1230 nostra
870 1172 994 1263 editione

191 1287 345 1342 posuimus.

469 1473 494 1532 I.
518 1473 564 1533 Ad
583 1472 703 1533 Laudes.

271 1662 448 1733 Argumenta
477 1661 590 1719 interna
623 1663 652 1719 et
683 1678 836 1720 consensus
860 1661 991 1721 codicum

190 1760 368 1817 authentiam
390 1760 504 1817 landum
528 1762 609 1817 extra
629 1760 743 1817 dubium
767 1761 886 1831 ponunt.
907 1761 993 1818 Inve-

191 1858 310 1913 niuntur·
335 1859 363 1914 in
386 1858 515 1915 omuibus
543 1858 669 1929 antiquis
690 1858 901 1915 collectionibus
925 1874 992 1930 opu·

191 1955 332 2012 seniorum
347 1956 374 2011 S.
390 1956 531 2013 Francisci
545 1952 600 2031 (3),
615 1956 643 2013 et
657 1955 766 2027 quidem
787 1956 828 2013 vel
844 1956 992 2027 complete,

234 2134 236 2140 '
255 2134 277 2191 l)
296 2132 379 2178 Edidit
396 2134 426 2179 P.
442 2133 564 2179 Eduardus
582 2131 755 2179 Aliuconiensis
776 2132 803 2178 Ο.
826 2132 882 2191 Cap.
905 2133 993 2180 Romae

193 2212 265 2266 1900;
283 2213 314 2258 cf.
333 2212 428 2268 ibidem,
446 2228 501 2271 pag.
520 2213 559 2259 41.
578 2238 608 2245 -
624 2213 664 2258 44.

252 2293 275 2348 2)
294 2293 331 2338 lta
344 2292 458 2339 Chronica
471 2292 548 2339 XXIV
561 2292 720 2349 generalium
733 2294 778 2338 cir.
791 2293 906 2339 Analecta
917 2294 993 2339 Fran-

191 2372 294 2429 cisrana,
313 2374 332 2417 t.
350 2372 391 2419 lll.
410 2386 464 2430 pag.
482 2373 536 2419 283.

222 2460 224 2465 ·
252 2452 275 2507 3)
294 2452 401 2497 Habetur
418 2452 442 2497 in
454 2452 531 2499 codice
543 2453 598 2499 333.
610 2453 669 2498 bibl.
682 2452 823 2499 Assisiensis
834 2455 859 2498 et
869 2453 894 2499 in
905 2452 990 2511 compi·

91 2550 95 2559 ⁴
189 2532 289 2589 latione,
306 2532 372 2579 cuius
384 2532 478 2579 initium
492 2534 542 2578 Fae
554 2533 687 2579 secundum
699 2534 826 2591 exemplar
840 2534 900 2590 [cod.
914 2535 989 2579 Berol.

192 2612 257 2668 rso,
274 2612 367 2671 Leopol.
389 2612 452 2669 131„
465 2612 533 2669 Lign.
550 2614 603 2669 ia,
612 2612 689 2659 latio.
702 2613 795 2670 4354),
808 2626 897 2660 necnon
909 2614 934 2659 in
945 2615 989 2660 col·

188 2693 300 2751 lectione,
318 2707 386 2750 quum
404 2695 518 2752 praebent
539 2693 631 2739 codices
647 2694 675 2749 Ο,
694 2693 771 2740 l'atic.
795 2694 874 2751 7650,
892 2694 916 2740 S.
934 2693 991 2741 lsid.

192 2771 255 2832 1125.
278 2775 303 2820 et
325 2773 420 2831 Fulgin.
444 2774 470 2819 ln
494 2774 545 2820 cod.
571 2774 633 2834 1s73.
657 2773 750 2819 archivi
778 2774 802 2820 S.
828 2773 914 2821 isidori
939 2775 989 2832 (fol.

190 2852 260 2911 lov.)
279 2853 381 2901 habetur
402 2854 519 2913 expositio
538 2854 585 2900 snb
606 2853 699 2900 nomina
720 2855 813 2911 fratris
833 2849 944 2914 Aepr‘dir'.
962 2880 992 2890 -
