2284 3425
414 197 418 205 ·
462 189 552 235 csrur
575 191 602 232 v,
898 173 934 231 31
1039 158 1044 172 ’

130 376 155 437 S
178 394 244 438 uere
266 379 341 437 inter
361 378 476 451 fratres,
497 378 664 453 ubicumque
685 380 753 449 sint,
780 379 867 437 luerit
887 379 937 437 uli·

102 523 104 527 .
129 478 193 548 quis
214 476 304 536 frater
325 477 423 536 volens
437 478 599 557 'carnaliter
620 479 649 535 et
669 494 725 537 nun
746 478 937 550 spiritualiter

128 575 284 645 ambulare,
307 576 421 645 fraires,
443 593 505 634 curn
528 577 630 649 quibus
651 577 704 644 est,
719 571 854 642 moneant
872 593 953 649 eum·

127 672 158 730 et
179 674 325 733 instruant
346 675 375 731 st
395 675 718 746 corripianthumiliter
731 675 761 732 et
774 674 934 747 diligenter.

128 771 234 840 Quodsi
255 774 302 831 ille
331 766 398 846 post
423 773 539 830 tertiam
566 773 785 833 admonitionem
813 773 937 851 uoluerit

127 887 158 928 se
181 870 337 939 emendare,
359 887 442 944 quam
465 871 549 929 citius
576 870 704 945 pessunt,
733 871 852 932 mittant
872 888 934 929 eum

127 969 174 1027 vel
197 968 358 1043 significent
379 986 429 1028 sua
451 970 582 1027 ministro
610 970 639 1027 et
659 986 749 1039 servo,
777 970 825 1043 qui
853 970 936 1027 mini·

125 1068 238 1125 steret
263 1084 362 1125 servus
383 1062 473 1127 de'eo
495 1067 590 1136 iaciat,¹
613 1070 687 1127 sicut
707 1067 760 1127 sibi
782 1068 934 1126 seeundum

125 1166 216 1225 Deum
240 1166 340 1225 melius
362 1165 502 1231 videbitur
524 1167 663 1239 expedire.
693 1192 698 1205 1

207 1264 247 1322 Et
267 1265 387 1323 caveant
408 1281 504 1323 ornnes
525 1265 637 1323 „fratres
665 1266 724 1323 tam
755 1265 877 1323 ministri
906 1266 935 1322 et

125 1364 203 1421 servi
224 1380 307 1436 quam
330 1363 388 1435 alii,
410 1364 483 1436 quud
506 1365 623 1438 propter
644 1365 789 1437 peccatum
814 1362 935 1421 alterius

125 1463 170 1520 vel
194 1463 300 1521 malum
321 1462 479 1534 exemplum
500 1479 556 1521 norr
579 1462 731 1521 turbentur
753 1463 796 1521 vel
812 1463 934 1520 irascan-

124 1562 184 1630 tur,
206 1561 272 1633 quia
292 1560 421 1619 diabolus
443 1562 560 1636 propter
582 1562 713 1619 delictum
730 1563 813 1620 unius
828 1561 934 1620 multos

124 1659 190 1718 vult
214 1675 409 1732 eorrumpere;
426 1660 479 1718 ssd
508 1660 707 1733 spiritualiter,
732 1662 805 1721 sieut
833 1660 933 1719 melius

124 1760 256 1832 possunt,
278 1759 414 1817 adiuuent
428 1760 508 1817 illum
524 1761 571 1832 qui
588 1761 723 1832 peccavit,
738 1761 804 1832 quia
818 1762 934 1818 nonest

122 1858 207 1916 sanis
229 1873 302 1929 opus
322 1857 461 1929 raeticus,
483 1857 535 1916 sed
553 1858 630 1915 male
651 1856 847 1931 habentibus(
873 1858 891 1928 l.

206 1955 341 2014 Similiter·
363 1972 459 2014 omues
474 1956 579 2014 iratres
593 1972 648 2014 uon
664 1956 789 2014 habeant
806 1956 932 2030 aliquam

124 2055 298 2128 potestatem
329 2055 370 2111 vel
400 2055 620 2113 dominationem
649 2056 769 2112 maxime
797 2056 871 2112 inter
892 2072 933 2112 se.

124 2153 205 2210 Sicut
225 2154 298 2210 eniru
315 2152 452 2210 Dominus
466 2152 534 2210 dicit
548 2153 577 2210 in
593 2152 748 2226 Evangelio
759 2153 820 2226 (2):
840 2153 932 2211 Prin·

123 2252 204 2324 cipes
216 2251 348 2324 ruentium
369 2249 561 2308 dominantur
575 2268 685 2324 eorum,
700 2253 792 2324 etqui
807 2251 932 2310 maiores

121 2352 194 2408 sunt
202 2351 376 2420 potestatem
397 2353 525 2408 exercent
545 2351 578 2406 in
598 2366 656 2422 eos,
676 2366 733 2422 rien
756 2352 795 2408 sie
816 2350 871 2408 erit
892 2351 931 2407 in·

123 2449 169 2506 ter
197 2447 317 2518 fratr·es;
346 2449 394 2504 sed
421 2432 595 2520 quietemque
622 2449 748 2507 voluerii
775 2445 852 2506 iliter
883 2465 931 2506 eos

122 2546 222 2604 maior
243 2545 308 2616 sieri
329 2547 369 2606 sii
390 2562 490 2603 eorum
509 2547 646 2626 minister
658 2546 702 2623 (3)
718 2548 747 2603 et
768 2563 887 2619 servus3
902 2547 932 2603 et

123 2645 176 2716 qut
196 2644 293 2702 maior
313 2647 355 2702 est
375 2645 519 2702 intereos
540 2645 596 2715 itui
615 2645 690 2703 sieut
710 2646 810 2701 minor
824 2645 879 2718 (4).

188 2777 211 2834 l)
229 2776 318 2824 Maste.
336 2777 360 2835 9,
381 2777 417 2823 l2.
678 2778 703 2834 2]
721 2777 811 2823 Metili.
829 2777 868 2836 20,
886 2777 926 2824 25.

187 2858 211 2915 3)
230 2857 318 2906 Mater.
337 2858 376 2916 23,
399 2857 435 2904 li.
584 2911 587 2915 ¹
678 2859 705 2918 4)
721 2858 777 2904 Luc.
794 2857 835 2915 22,
851 2857 891 2904 26.
