2284 3425
147 200 205 262 120
380 261 385 270 ,
485 216 603 262 numme.

680 318 945 330 ......-.....-...-.-—-

223 408 430 481 Sanctificetur
454 401 560 468 nomen
589 412 693 468 tuum:
716 409 888 468 clarificatur
916 385 959 466 in*

143 509 224 568 nobis
245 509 348 568 notitia
370 509 430 576 tna,
452 510 485 566 ut
505 525 716 582 cognoscamus,
738 525 809 582 quae
831 507 868 565 sit
881 507 946 564 iati-

142 610 211 668 tudo
225 608 421 668 beneficiorum
442 609 565 674 tuorum,
580 607 727 682 longitudo
743 609 944 681 promissorum

142 709 265 775 tuorum,
284 707 448 789 ⁴sublimitas
471 707 630 766 maiestatis
649 708 679 764 et
703 705 882 780 profunditas
903 706 945 762 iu·

141 807 275 865 diciorum
292 804 348 884 (1).
549 790 552 796 ¹

223 904 372 962 Adveniet
397 908 518 978 requiam
546 907 644 962 tuum:
666 905 699 962 ut
727 905 758 960 tu
787 919 888 977 regnes
915 903 943 960 in

143 1003 224 1062 nobis
247 1020 296 1075 per
316 1005 439 1076 gratiam
455 1004 484 1061 ot
499 1003 585 1062 iacias
600 1019 652 1061 nos
666 1004 761 1060 venire
776 1001 811 1059 ad
826 1019 943 1075 regnum
976 1007 981 1015 ‘

144 1102 235 1168 tuum,
257 1100 304 1157 ubi
326 1102 370 1158 est
385 1101 426 1158 tui
442 1102 513 1159 visio
527 1099 687 1167 manifesta,
702 1099 743 1157 tui
759 1099 870 1158 dilectio
885 1115 945 1171 per·

143 1198 226 1271 fecta,
248 1197 289 1256 tui
312 1200 431 1257 societas
453 1199 545 1267 beata,
567 1199 611 1255 tui
631 1198 729 1256 fruitio
749 1197 931 1271 sempiterna.

222 1297 299 1355 Fiat
312 1297 449 1356 uoluntas
464 1301 516 1354 tua
529 1297 651 1355 cicuitu
665 1289 746 1369 coeto
757 1299 785 1353 ct
797 1297 830 1353 a'n
850 1299 946 1356 terra:
1045 1287 1047 1292 ¹

145 1395 178 1453 ut
198 1411 325 1454 amemus
346 1396 374 1454 te
395 1413 427 1454 ex
442 1395 503 1454 toto
518 1394 599 1454 corde
614 1395 642 1453 to
657 1411 766 1468 semper
787 1396 944 1469 cogitando,

132 1511 176 1555 ¹ox
198 1493 260 1552 tota
285 1495 380 1552 anima
399 1493 436 1552 ‚te
465 1511 576 1568 semper
604 1493 796 1562 desiderando,
825 1511 856 1552 ox
885 1495 946 1553 tota

144 1592 237 1650 mente
252 1578 348 1651 omnes
359 1593 532 1653 intentiones
542 1593 658 1652 nostras
672 1593 707 1651 ad
723 1593 750 1650 te
762 1593 907 1667 dirigendo
918 1594 947 1650 ot

142 1691 276 1751 honorem
298 1692 377 1751 tuum
394 1694 422 1751 in
438 1693 568 1753 omnibus
585 1693 753 1767 quaerendo,
768 1693 797 1751 ot
811 1693 946 1751 exomni·

114 1784 116 1787 ’
144 1791 196 1855 bus
212 1791 319 1861 viribus
340 1792 447 1850 nostris
468 1808 564 1851 omnes
586 1794 661 1850 uires
679 1794 822 1851 etsensus
835 1794 945 1849 animae
985 1857 989 1864 ¹

143 1890 172 1947 et
192 1891 319 1963 corporis
344 1891 372 1948 in
395 1891 557 1963 obsequium
581 1892 623 1948 tui
645 1892 749 1950 amoris
777 1891 806 1949 et
832 1907 887 1950 non
916 1891 944 1947 in

142 1990 198 2047 alio
210 1987 255 2066 (a)
277 1990 472 2064 expenderim
488 1990 517 2047 et
532 1992 673 2062 proximos
693 1992 806 2049 nostros
820 2006 945 2048 amemus

144 2090 217 2145 siout
238 2090 267 2145 et
286 2089 483 2161 nosmetipsos,
498 2105 595 2147 omnes
610 2090 645 2147 ad
661 2105 783 2147 amorem
799 2091 878 2147 tunm
894 2104 945 2160 pro

143 2188 251 2246 viribus
266 2188 412 2255 trahendo,
427 2188 460 2246 do
477 2189 556 2246 bonis
569 2168 689 2247 aliorum
705 2189 778 2246 sicut
791 2187 824 2245 de
839 2187 944 2245 nostris

143 2287 291 2360 gaudendo
312 2289 341 2345 et
361 2289 389 2344 in
412 2288 495 2345 maiis
516 2288 711 2361 compatiendo
732 2288 761 2344 ot
780 2286 883 2344 nemini
905 2284 960 2377 ulf

143 2386 200 2444 iam
222 2384 401 2443 offensionem
423 2385 528 2444 dando.

224 2485 336 2541 Panem
356 2486 491 2541 nostrum
513 2483 737 2555 quotidianum:
752 2482 883 2540 dilectum
898 2481 945 2539 Fi-

143 2584 211 2639 lium
234 2583 323 2648 tuum,
346 2581 495 2641 Dominum
519 2582 648 2640 nostrum
674 2581 767 2638 Iesum
791 2578 946 2647 Christum,

110 2683 111 2686 ’
143 2681 182 2737 cta
202 2681 286 2737 nobis
307 2679 409 2738 hodic:
429 2682 457 2737 in
480 2682 642 2737 memoriam
670 2679 698 2736 ot
726 2678 944 2750 intelligentiam

208 2895 230 2950 ι)
249 2893 297 2939 cu.
316 2893 376 2953 apo.
395 2894 417 2952 a,
439 2894 475 2941 ra.

1129 3258 1134 3395 ὦ
