2284 3425
437 219 527 260 cornu
548 220 587 258 rx.
610 220 651 260 un.
666 221 693 260 x.
928 205 961 259 71

161 409 218 481 ctio
238 409 307 465 data
327 409 382 482 cst,
402 411 431 467 in
453 410 564 466 nornine
587 409 697 468 Domini
726 410 814 467 alium
843 403 895 466 sibi
920 409 966 466 eli·
1015 432 1018 460 ι

161 523 229 579 gere
249 507 277 564 in
299 507 453 565 custodem.
475 507 545 564 Post
563 507 720 580 capitulum
740 513 810 566 rer'o
830 506 966 565 Penteco-

161 606 222 663 stes
243 607 366 674 ministri
387 607 416 663 ot
430 604 562 665 custodes
576 605 688 678 possint
702 606 817 678 singuli,
832 606 857 663 si
872 606 966 665 volue-

163 705 224 761 riut
243 706 273 762 et
292 705 333 762 eis
347 705 477 776 expedire
499 703 650 771 ridebitur,
664 705 758 763 eodem
774 721 848 763 anno
863 705 891 762 in
907 707 966 764 suis

161 803 299 861 custodiis
306 804 391 861 semel
401 802 506 860 fratres
513 819 580 861 suos
590 803 626 860 ad
637 803 793 875 capitulum
804 819 966 862 conuocare.

345 972 396 1032 IX.
417 1005 457 1014 —
478 971 519 1031 De
540 969 785 1048 praedicatoribus.

147 1136 155 1142 ”
243 1143 361 1220 Fratres
376 1159 430 1200 nou
447 1143 610 1215 praedicent
624 1144 653 1199 iu
669 1142 832 1215 episcopatu
847 1143 966 1201 alicuius

161 1242 298 1314 episcopi,
317 1259 380 1299 unm
402 1241 438 1298 ab
459 1258 491 1301 eo
512 1242 570 1299 illis
585 1241 671 1298 tuerit
690 1240 907 1299 contradictum.
929 1241 967 1304 Et

140 1340 261 1398 'nuilus
281 1338 402 1396 fratrum
426 1340 530 1412 populo
549 1340 663 1412 penitus
677 1339 782 1397 audeat
796 1339 966 1411 praedicare,

162 1439 219 1495 nisi
239 1457 257 1495 a
278 1437 409 1496 ministro
429 1438 556 1511 generali
578 1437 664 1495 huius
692 1437 884 1496 fraternitatis
911 1437 967 1495 fue-

162 1537 203 1594 rit
223 1536 401 1594 examinatus
421 1537 451 1593 ot
471 1530 657 1608 approbatus,
680 1537 709 1594 et
729 1535 765 1593 ab
785 1552 817 1618 co
845 1535 966 1599 officium
994 1585 996 1591 .

161 1635 216 1692 eibi
239 1635 456 1706 praedicationis
481 1651 653 1692 conoessum.
676 1635 775 1693 Moneo
802 1651 911 1707 quoquc
939 1635 968 1692 et

162 1734 297 1792 exhortor
307 1734 418 1791 cosdem
434 1732 547 1802 iratres,
559 1733 593 1791 ut
606 1735 634 1790 iu
651 1734 867 1805 praedicatione,
881 1750 966 1806 quam

163 1832 282 1900 faciunt,
294 1832 353 1889 sint
363 1833 533 1889 examinata
543 1833 573 1889 et
584 1835 665 1889 costa
677 1848 771 1890 eorum
784 1813 902 1903 cloquio
911 1832 922 1905 (
925 1830 955 1905 1)

162 1931 200 1988 ad
213 1930 365 1987 utilitatem
379 1931 408 1987 ot
418 1930 639 1988 aedificationem
654 1913 760 2002 popuii,
771 1929 967 1988 annuntiando

163 2030 205 2086 eie
226 2029 296 2086 vitia
317 2029 346 2085 ot
367 2011 498 2096 virtutes,
521 2044 637 2100 poenam
654 2027 683 2085 et
696 2028 816 2100 gloriam
831 2045 892 2084 oum
908 2027 967 2085 bre-

165 2126 254 2184 vitate
275 2129 430 2194 sermonis;
451 2128 518 2199 qnia
538 2118 657 2183 verdone
679 2126 878 2209 obtrectatum
899 2122 968 2194 fecit

163 2226 314 2283 Dominus
332 2242 421 2296 super
444 2227 553 2281 terram
569 2225 624 2297 (2).

187 2406 222 2465 X.
246 2438 282 2445 -
303 2402 344 2462 De
365 2402 551 2462 admonitione
573 2410 602 2462 et
623 2402 788 2490 correctione
810 2402 937 2461 fratrum.

244 2573 371 2640 Fratres
393 2576 441 2646 qui
462 2574 531 2632 sunt
552 2574 675 2632 ministri
696 2576 820 2632 et'sorri
842 2575 962 2632 eliorum

164 2674 298 2740 fratrum,
322 2672 440 2731 visitent
461 2673 490 2729 et
511 2674 645 2732 moneant
666 2673 771 2732 fratros
792 2689 858 2732 suos
876 2674 905 2731 ot
918 2673 967 2731 hu-

231 2886 253 2942 l)
271 2884 319 2931 cn.
332 2886 419 2931 Psalur.
434 2886 471 2942 11,
484 2886 508 2943 6,
521 2888 546 2930 et
558 2886 596 2931 Ps.
612 2886 649 2942 17,
663 2885 701 2931 30.
766 2886 795 2944 2).
809 2886 875 2933 Rom.
889 2886 914 2944 9,
926 2886 966 2932 28.
