<?xml version="1.0" encoding="UTF-8"?>
<!DOCTYPE html PUBLIC "-//W3C//DTD XHTML 1.0 Transitional//EN"
    "http://www.w3.org/TR/xhtml1/DTD/xhtml1-transitional.dtd">
<html xmlns="http://www.w3.org/1999/xhtml" xml:lang="en" lang="en">
 <head>
  <title>
</title>
<meta http-equiv="Content-Type" content="text/html;charset=utf-8" />
  <meta name='ocr-system' content='tesseract 3.04.00' />
  <meta name='ocr-capabilities' content='ocr_page ocr_carea ocr_par ocr_line ocrx_word'/>
</head>
<body>
  <div class='ocr_page' id='page_1' title='image "bibliothecafran01romgoog_0219.png"; bbox 0 0 2284 3425; ppageno 0'>
   <div class='ocr_carea' id='block_1_1' title="bbox 353 180 930 248">
    <p class='ocr_par' dir='ltr' id='par_1_1' title="bbox 353 180 930 248">
     <span class='ocr_line' id='line_1_1' title="bbox 353 180 930 248; baseline 0.002 -3"><span class='ocrx_word' id='word_1_1' title='bbox 353 204 389 245; x_wconf 81' lang='lat' dir='ltr'>ln</span> <span class='ocrx_word' id='word_1_2' title='bbox 410 204 541 246; x_wconf 78' lang='lat' dir='ltr'>commum</span> <span class='ocrx_word' id='word_1_3' title='bbox 562 180 712 248; x_wconf 71' lang='lat' dir='ltr'>plssnns.</span> <span class='ocrx_word' id='word_1_4' title='bbox 874 191 930 248; x_wconf 79' lang='lat'>201</span> 
     </span>
    </p>
   </div>
   <div class='ocr_carea' id='block_1_2' title="bbox 76 391 978 1044">
    <p class='ocr_par' dir='ltr' id='par_1_2' title="bbox 76 391 978 1044">
     <span class='ocr_line' id='line_1_2' title="bbox 135 391 934 467; baseline 0.005 -18"><span class='ocrx_word' id='word_1_5' title='bbox 135 391 310 467; x_wconf 82' lang='lat' dir='ltr'>Waddingus</span> <span class='ocrx_word' id='word_1_6' title='bbox 331 394 413 451; x_wconf 89' lang='lat' dir='ltr'>dicit:</span> <span class='ocrx_word' id='word_1_7' title='bbox 445 395 649 454; x_wconf 83' lang='lat' dir='ltr'>«Franciscum</span> <span class='ocrx_word' id='word_1_8' title='bbox 678 396 820 454; x_wconf 74' lang='lat' dir='ltr'>auctorem</span> <span class='ocrx_word' id='word_1_9' title='bbox 849 397 934 454; x_wconf 86' lang='lat' dir='ltr'>huius</span> 
     </span>
     <span class='ocr_line' id='line_1_3' title="bbox 135 475 934 559; baseline 0.004 -10"><span class='ocrx_word' id='word_1_10' title='bbox 135 475 272 550; x_wconf 75' lang='lat' dir='ltr'>orationis</span> <span class='ocrx_word' id='word_1_11' title='bbox 285 509 354 559; x_wconf 87' lang='lat' dir='ltr'>esse,</span> <span class='ocrx_word' id='word_1_12' title='bbox 367 492 447 550; x_wconf 87' lang='lat' dir='ltr'>nobis</span> <span class='ocrx_word' id='word_1_13' title='bbox 458 494 582 551; x_wconf 85' lang='lat' dir='ltr'>testatur</span> <span class='ocrx_word' id='word_1_14' title='bbox 596 495 629 551; x_wconf 87' lang='lat' dir='ltr'>D.</span> <span class='ocrx_word' id='word_1_15' title='bbox 641 495 848 553; x_wconf 79' lang='lat' dir='ltr'>Bernurdiuus</span> <span class='ocrx_word' id='word_1_16' title='bbox 859 497 881 552; x_wconf 86' lang='lat' dir='ltr'>t.</span> <span class='ocrx_word' id='word_1_17' title='bbox 893 495 934 552; x_wconf 91' lang='lat' dir='ltr'>II.</span> 
     </span>
     <span class='ocr_line' id='line_1_4' title="bbox 136 591 935 652; baseline 0.001 -4"><span class='ocrx_word' id='word_1_18' title='bbox 136 599 220 648; x_wconf 79' lang='lat' dir='ltr'>serni.</span> <span class='ocrx_word' id='word_1_19' title='bbox 245 591 292 648; x_wconf 90' lang='lat'>60.</span> <span class='ocrx_word' id='word_1_20' title='bbox 308 592 337 647; x_wconf 87' lang='lat' dir='ltr'>ut</span> <span class='ocrx_word' id='word_1_21' title='bbox 352 591 504 648; x_wconf 88' lang='lat' dir='ltr'>Ubortinus</span> <span class='ocrx_word' id='word_1_22' title='bbox 525 593 545 648; x_wconf 88' lang='lat' dir='ltr'>l.</span> <span class='ocrx_word' id='word_1_23' title='bbox 567 593 599 650; x_wconf 91' lang='lat' dir='ltr'>V.</span> <span class='ocrx_word' id='word_1_24' title='bbox 615 592 715 650; x_wconf 81' lang='lat' dir='ltr'>Ardor</span> <span class='ocrx_word' id='word_1_25' title='bbox 728 593 804 650; x_wconf 83' lang='lat' dir='ltr'>citae</span> <span class='ocrx_word' id='word_1_26' title='bbox 822 591 935 652; x_wconf 71' lang='lat' dir='ltr'>derlee·</span> 
     </span>
     <span class='ocr_line' id='line_1_5' title="bbox 136 688 934 763; baseline 0.004 -18"><span class='ocrx_word' id='word_1_27' title='bbox 136 704 159 744; x_wconf 88' lang='lat' dir='ltr'>c.</span> <span class='ocrx_word' id='word_1_28' title='bbox 182 688 271 756; x_wconf 68' lang='lat' dir='ltr'>lle»,</span> <span class='ocrx_word' id='word_1_29' title='bbox 293 705 347 761; x_wconf 88' lang='lat' dir='ltr'>qno</span> <span class='ocrx_word' id='word_1_30' title='bbox 369 689 468 747; x_wconf 89' lang='lat' dir='ltr'>ultimo</span> <span class='ocrx_word' id='word_1_31' title='bbox 489 691 548 748; x_wconf 83' lang='lat' dir='ltr'>loco</span> <span class='ocrx_word' id='word_1_32' title='bbox 574 693 672 748; x_wconf 82' lang='lat' dir='ltr'>auctor</span> <span class='ocrx_word' id='word_1_33' title='bbox 699 691 756 749; x_wconf 88' lang='lat' dir='ltr'>ait:</span> <span class='ocrx_word' id='word_1_34' title='bbox 783 691 934 763; x_wconf 78' lang='lat' dir='ltr'>«Oouiple-</span> 
     </span>
     <span class='ocr_line' id='line_1_6' title="bbox 137 777 936 862; baseline 0.008 -21"><span class='ocrx_word' id='word_1_35' title='bbox 137 788 197 843; x_wconf 86' lang='lat' dir='ltr'>tum</span> <span class='ocrx_word' id='word_1_36' title='bbox 219 788 263 846; x_wconf 87' lang='lat' dir='ltr'>est</span> <span class='ocrx_word' id='word_1_37' title='bbox 283 788 311 844; x_wconf 89' lang='lat' dir='ltr'>in</span> <span class='ocrx_word' id='word_1_38' title='bbox 332 787 389 856; x_wconf 90' lang='lat' dir='ltr'>illo,</span> <span class='ocrx_word' id='word_1_39' title='bbox 404 788 476 862; x_wconf 87' lang='lat' dir='ltr'>qnod</span> <span class='ocrx_word' id='word_1_40' title='bbox 492 777 607 861; x_wconf 83' lang='lat' dir='ltr'>petebat</span> <span class='ocrx_word' id='word_1_41' title='bbox 627 790 660 847; x_wconf 90' lang='lat' dir='ltr'>de</span> <span class='ocrx_word' id='word_1_42' title='bbox 675 807 704 847; x_wconf 85' lang='lat' dir='ltr'>so</span> <span class='ocrx_word' id='word_1_43' title='bbox 720 791 801 862; x_wconf 78' lang='lat' dir='ltr'>ipso»</span> <span class='ocrx_word' id='word_1_44' title='bbox 814 808 822 860; x_wconf 90' lang='lat'>;</span> <span class='ocrx_word' id='word_1_45' title='bbox 837 790 936 848; x_wconf 88' lang='lat' dir='ltr'>deinde</span> 
     </span>
     <span class='ocr_line' id='line_1_7' title="bbox 76 851 978 960; baseline 0.006 -19"><span class='ocrx_word' id='word_1_46' title='bbox 76 950 80 955; x_wconf 23' lang='lat'><strong>¹</strong></span> <span class='ocrx_word' id='word_1_47' title='bbox 137 885 258 944; x_wconf 77' lang='lat' dir='ltr'>liabetur</span> <span class='ocrx_word' id='word_1_48' title='bbox 278 889 367 946; x_wconf 88' lang='lat' dir='ltr'>oratio</span> <span class='ocrx_word' id='word_1_49' title='bbox 389 888 496 951; x_wconf 83' lang='lat' dir='ltr'>nostru,</span> <span class='ocrx_word' id='word_1_50' title='bbox 516 905 599 960; x_wconf 85' lang='lat' dir='ltr'>quam</span> <span class='ocrx_word' id='word_1_51' title='bbox 615 905 647 945; x_wconf 84' lang='lat' dir='ltr'>ex</span> <span class='ocrx_word' id='word_1_52' title='bbox 660 851 735 947; x_wconf 73' lang='lat' dir='ltr'>duro</span> <span class='ocrx_word' id='word_1_53' title='bbox 750 888 878 946; x_wconf 68' lang='lat' dir='ltr'>Uicetini</span> <span class='ocrx_word' id='word_1_54' title='bbox 891 889 935 946; x_wconf 91' lang='lat' dir='ltr'>hic</span> <span class='ocrx_word' id='word_1_55' title='bbox 976 892 978 897; x_wconf 87' lang='lat'>&#39;</span> 
     </span>
     <span class='ocr_line' id='line_1_8' title="bbox 137 985 316 1044; baseline 0.006 -3"><span class='ocrx_word' id='word_1_56' title='bbox 137 985 282 1044; x_wconf 76' lang='lat' dir='ltr'><strong>edidimus.</strong></span> <span class='ocrx_word' id='word_1_57' title='bbox 314 1032 316 1042; x_wconf 91' lang='lat'><em>.</em></span> 
     </span>
    </p>
   </div>
   <div class='ocr_carea' id='block_1_3' title="bbox 273 1166 847 1256">
    <p class='ocr_par' dir='ltr' id='par_1_3' title="bbox 273 1166 847 1256">
     <span class='ocr_line' id='line_1_9' title="bbox 273 1166 847 1256; baseline 0.005 -9"><span class='ocrx_word' id='word_1_58' title='bbox 273 1218 277 1229; x_wconf 85' lang='lat'><em>·</em></span> <span class='ocrx_word' id='word_1_59' title='bbox 324 1189 360 1248; x_wconf 86' lang='lat' dir='ltr'>n.</span> <span class='ocrx_word' id='word_1_60' title='bbox 384 1187 576 1249; x_wconf 75' lang='lat' dir='ltr'>Adoffieium</span> <span class='ocrx_word' id='word_1_61' title='bbox 596 1166 745 1250; x_wconf 66' lang='lat' dir='ltr'>emuna.</span> <span class='ocrx_word' id='word_1_62' title='bbox 765 1216 786 1256; x_wconf 82' lang='grc'><strong>.</strong></span> <span class='ocrx_word' id='word_1_63' title='bbox 845 1228 847 1235; x_wconf 74' lang='grc'>.</span> 
     </span>
    </p>
   </div>
   <div class='ocr_carea' id='block_1_4' title="bbox 71 1375 937 2238">
    <p class='ocr_par' dir='ltr' id='par_1_4' title="bbox 71 1375 937 2238">
     <span class='ocr_line' id='line_1_10' title="bbox 217 1375 935 1449; baseline 0.003 -15"><span class='ocrx_word' id='word_1_64' title='bbox 217 1375 251 1434; x_wconf 89' lang='lat' dir='ltr'>ln</span> <span class='ocrx_word' id='word_1_65' title='bbox 267 1376 384 1449; x_wconf 84' lang='lat' dir='ltr'>legenda</span> <span class='ocrx_word' id='word_1_66' title='bbox 399 1379 425 1436; x_wconf 87' lang='lat' dir='ltr'>S.</span> <span class='ocrx_word' id='word_1_67' title='bbox 438 1379 537 1436; x_wconf 80' lang='lat' dir='ltr'>clarae</span> <span class='ocrx_word' id='word_1_68' title='bbox 552 1377 642 1436; x_wconf 79' lang='lat' dir='ltr'>lratm</span> <span class='ocrx_word' id='word_1_69' title='bbox 652 1379 775 1436; x_wconf 76' lang='lat' dir='ltr'>Thomas</span> <span class='ocrx_word' id='word_1_70' title='bbox 786 1378 819 1435; x_wconf 90' lang='lat' dir='ltr'>de</span> <span class='ocrx_word' id='word_1_71' title='bbox 831 1378 935 1436; x_wconf 80' lang='lat' dir='ltr'>(leland</span> 
     </span>
     <span class='ocr_line' id='line_1_11' title="bbox 71 1474 936 1550; baseline 0.003 -20"><span class='ocrx_word' id='word_1_72' title='bbox 71 1530 79 1543; x_wconf 76' lang='grc'><strong><em>,</em></strong></span> <span class='ocrx_word' id='word_1_73' title='bbox 138 1474 225 1532; x_wconf 77' lang='lat' dir='ltr'>refert</span> <span class='ocrx_word' id='word_1_74' title='bbox 251 1475 284 1535; x_wconf 91' lang='lat' dir='ltr'>de</span> <span class='ocrx_word' id='word_1_75' title='bbox 312 1477 389 1548; x_wconf 82' lang='lat' dir='ltr'>ipsa:</span> <span class='ocrx_word' id='word_1_76' title='bbox 423 1475 577 1536; x_wconf 78' lang='lat' dir='ltr'>«Officium</span> <span class='ocrx_word' id='word_1_77' title='bbox 605 1478 705 1544; x_wconf 86' lang='lat' dir='ltr'>crucis,</span> <span class='ocrx_word' id='word_1_78' title='bbox 734 1478 819 1550; x_wconf 87' lang='lat' dir='ltr'>prout</span> <span class='ocrx_word' id='word_1_79' title='bbox 845 1479 936 1534; x_wconf 84' lang='lat' dir='ltr'>crucis</span> 
     </span>
     <span class='ocr_line' id='line_1_12' title="bbox 137 1573 935 1644; baseline 0.004 -15"><span class='ocrx_word' id='word_1_80' title='bbox 137 1574 247 1631; x_wconf 85' lang='lat' dir='ltr'>amator</span> <span class='ocrx_word' id='word_1_81' title='bbox 268 1573 435 1632; x_wconf 82' lang='lat' dir='ltr'>Franciscus</span> <span class='ocrx_word' id='word_1_82' title='bbox 459 1575 633 1644; x_wconf 77' lang='lat' dir='ltr'>instituerat,</span> <span class='ocrx_word' id='word_1_83' title='bbox 655 1575 751 1633; x_wconf 83' lang='lat' dir='ltr'>didicit</span> <span class='ocrx_word' id='word_1_84' title='bbox 778 1578 807 1632; x_wconf 88' lang='lat' dir='ltr'>et</span> <span class='ocrx_word' id='word_1_85' title='bbox 834 1574 935 1633; x_wconf 81' lang='lat' dir='ltr'>affectu</span> 
     </span>
     <span class='ocr_line' id='line_1_13' title="bbox 138 1671 936 1751; baseline 0.004 -23"><span class='ocrx_word' id='word_1_86' title='bbox 138 1673 221 1729; x_wconf 87' lang='lat' dir='ltr'>simili</span> <span class='ocrx_word' id='word_1_87' title='bbox 243 1671 434 1747; x_wconf 84' lang='lat' dir='ltr'>frequentavit</span> <span class='ocrx_word' id='word_1_88' title='bbox 448 1674 529 1751; x_wconf 82' lang='grc'>(1)».</span> <span class='ocrx_word' id='word_1_89' title='bbox 552 1674 628 1743; x_wconf 81' lang='lat' dir='ltr'>Quae</span> <span class='ocrx_word' id='word_1_90' title='bbox 650 1674 735 1733; x_wconf 85' lang='lat' dir='ltr'>uerba</span> <span class='ocrx_word' id='word_1_91' title='bbox 760 1673 936 1748; x_wconf 84' lang='lat' dir='ltr'>Waddingus</span> 
     </span>
     <span class='ocr_line' id='line_1_14' title="bbox 138 1773 937 1846; baseline 0.004 -19"><span class='ocrx_word' id='word_1_92' title='bbox 138 1773 198 1828; x_wconf 88' lang='lat' dir='ltr'>iore</span> <span class='ocrx_word' id='word_1_93' title='bbox 212 1773 351 1829; x_wconf 83' lang='lat' dir='ltr'>intellexit</span> <span class='ocrx_word' id='word_1_94' title='bbox 372 1773 405 1830; x_wconf 92' lang='lat' dir='ltr'>de</span> <span class='ocrx_word' id='word_1_95' title='bbox 427 1773 515 1831; x_wconf 87' lang='lat' dir='ltr'>officio</span> <span class='ocrx_word' id='word_1_96' title='bbox 540 1774 767 1845; x_wconf 65' lang='lat' dir='ltr'>dioecesianis,</span> <span class='ocrx_word' id='word_1_97' title='bbox 789 1773 861 1846; x_wconf 91' lang='lat' dir='ltr'>quod</span> <span class='ocrx_word' id='word_1_98' title='bbox 877 1774 937 1846; x_wconf 87' lang='lat' dir='ltr'>plu·</span> 
     </span>
     <span class='ocr_line' id='line_1_15' title="bbox 139 1852 936 1944; baseline 0.004 -18"><span class='ocrx_word' id='word_1_99' title='bbox 139 1886 184 1926; x_wconf 87' lang='lat' dir='ltr'>res</span> <span class='ocrx_word' id='word_1_100' title='bbox 199 1852 309 1927; x_wconf 71' lang='lat' dir='ltr'>cudiccs&#39;</span> <span class='ocrx_word' id='word_1_101' title='bbox 319 1870 346 1927; x_wconf 89' lang='lat' dir='ltr'>S.</span> <span class='ocrx_word' id='word_1_102' title='bbox 361 1870 510 1930; x_wconf 79' lang='lat' dir='ltr'>Francisco</span> <span class='ocrx_word' id='word_1_103' title='bbox 527 1872 701 1939; x_wconf 88' lang='lat' dir='ltr'>attribuunt,</span> <span class='ocrx_word' id='word_1_104' title='bbox 715 1872 849 1944; x_wconf 87' lang='lat' dir='ltr'>cuiusque</span> <span class='ocrx_word' id='word_1_105' title='bbox 863 1888 936 1929; x_wconf 91' lang='lat' dir='ltr'>com·</span> 
     </span>
     <span class='ocr_line' id='line_1_16' title="bbox 140 1968 936 2046; baseline -0.001 -19"><span class='ocrx_word' id='word_1_106' title='bbox 140 1968 242 2040; x_wconf 87' lang='lat' dir='ltr'>positio</span> <span class='ocrx_word' id='word_1_107' title='bbox 262 1970 374 2027; x_wconf 89' lang='lat' dir='ltr'>omnino</span> <span class='ocrx_word' id='word_1_108' title='bbox 396 1969 493 2027; x_wconf 84' lang='lat' dir='ltr'>sanctu</span> <span class='ocrx_word' id='word_1_109' title='bbox 514 1971 645 2042; x_wconf 84' lang='lat' dir='ltr'>congruit</span> <span class='ocrx_word' id='word_1_110' title='bbox 659 1969 714 2046; x_wconf 89' lang='grc'>(2).</span> <span class='ocrx_word' id='word_1_111' title='bbox 736 1970 777 2026; x_wconf 77' lang='lat' dir='ltr'>Ex</span> <span class='ocrx_word' id='word_1_112' title='bbox 796 1970 888 2029; x_wconf 85' lang='lat' dir='ltr'>verbis</span> <span class='ocrx_word' id='word_1_113' title='bbox 909 1971 936 2027; x_wconf 89' lang='lat' dir='ltr'>S.</span> 
     </span>
     <span class='ocr_line' id='line_1_17' title="bbox 139 2065 937 2141; baseline 0.004 -19"><span class='ocrx_word' id='word_1_114' title='bbox 139 2065 301 2138; x_wconf 85' lang='lat' dir='ltr'>Scripturae</span> <span class='ocrx_word' id='word_1_115' title='bbox 322 2083 383 2123; x_wconf 89' lang='lat' dir='ltr'>cum</span> <span class='ocrx_word' id='word_1_116' title='bbox 403 2068 521 2139; x_wconf 78' lang='lat' dir='ltr'>simplici</span> <span class='ocrx_word' id='word_1_117' title='bbox 537 2071 566 2125; x_wconf 91' lang='lat' dir='ltr'>et</span> <span class='ocrx_word' id='word_1_118' title='bbox 580 2069 680 2126; x_wconf 88' lang='lat' dir='ltr'>devoto</span> <span class='ocrx_word' id='word_1_119' title='bbox 695 2085 789 2126; x_wconf 75' lang='lat' dir='ltr'>anione</span> <span class='ocrx_word' id='word_1_120' title='bbox 803 2071 937 2141; x_wconf 89' lang='lat' dir='ltr'>composi·</span> 
     </span>
     <span class='ocr_line' id='line_1_18' title="bbox 139 2163 936 2238; baseline 0.005 -19"><span class='ocrx_word' id='word_1_121' title='bbox 139 2163 200 2220; x_wconf 80' lang='lat' dir='ltr'>tuin</span> <span class='ocrx_word' id='word_1_122' title='bbox 223 2163 374 2235; x_wconf 82' lang='lat' dir='ltr'>pretiosum</span> <span class='ocrx_word' id='word_1_123' title='bbox 397 2164 509 2221; x_wconf 83' lang='lat' dir='ltr'>exhibet</span> <span class='ocrx_word' id='word_1_124' title='bbox 526 2166 722 2223; x_wconf 84' lang='lat' dir='ltr'>documentum</span> <span class='ocrx_word' id='word_1_125' title='bbox 733 2167 766 2231; x_wconf 70' lang='lat' dir='ltr'>,et</span> <span class='ocrx_word' id='word_1_126' title='bbox 780 2167 936 2238; x_wconf 83' lang='lat' dir='ltr'>exemplum</span> 
     </span>
    </p>
   </div>
   <div class='ocr_carea' id='block_1_5' title="bbox 33 2244 371 2320">
    <p class='ocr_par' dir='ltr' id='par_1_5' title="bbox 33 2244 371 2320">
     <span class='ocr_line' id='line_1_19' title="bbox 33 2244 371 2320; baseline 0.003 -2"><span class='ocrx_word' id='word_1_127' title='bbox 33 2270 41 2285; x_wconf 90' lang='lat'>&#39;</span> <span class='ocrx_word' id='word_1_128' title='bbox 121 2244 206 2319; x_wconf 63' lang='lat' dir='ltr'>&#39;snae</span> <span class='ocrx_word' id='word_1_129' title='bbox 228 2263 371 2320; x_wconf 83' lang='lat' dir='ltr'>orationis.</span> 
     </span>
    </p>
   </div>
   <div class='ocr_carea' id='block_1_6' title="bbox 141 2360 938 2629">
    <p class='ocr_par' dir='ltr' id='par_1_6' title="bbox 141 2360 938 2629">
     <span class='ocr_line' id='line_1_20' title="bbox 220 2360 697 2435; baseline 0.008 -19"><span class='ocrx_word' id='word_1_130' title='bbox 220 2360 347 2431; x_wconf 78' lang='lat' dir='ltr'>Quinque</span> <span class='ocrx_word' id='word_1_131' title='bbox 368 2362 563 2434; x_wconf 85' lang='lat' dir='ltr'>complectitur</span> <span class='ocrx_word' id='word_1_132' title='bbox 587 2364 697 2435; x_wconf 84' lang='lat' dir='ltr'>partes:</span> 
     </span>
     <span class='ocr_line' id='line_1_21' title="bbox 222 2458 938 2521; baseline 0.007 -7"><span class='ocrx_word' id='word_1_133' title='bbox 222 2458 248 2514; x_wconf 94' lang='lat'>1.</span> <span class='ocrx_word' id='word_1_134' title='bbox 271 2459 325 2516; x_wconf 86' lang='lat' dir='ltr'>Pro</span> <span class='ocrx_word' id='word_1_135' title='bbox 347 2477 426 2520; x_wconf 84' lang='lat' dir='ltr'>sacro</span> <span class='ocrx_word' id='word_1_136' title='bbox 447 2461 540 2519; x_wconf 84' lang='lat' dir='ltr'>triduo</span> <span class='ocrx_word' id='word_1_137' title='bbox 565 2462 753 2521; x_wconf 81' lang='lat' dir='ltr'>hebdomadae</span> <span class='ocrx_word' id='word_1_138' title='bbox 774 2463 889 2519; x_wconf 80' lang='lat' dir='ltr'>maioris</span> <span class='ocrx_word' id='word_1_139' title='bbox 909 2463 938 2519; x_wconf 88' lang='lat' dir='ltr'>ot</span> 
     </span>
     <span class='ocr_line' id='line_1_22' title="bbox 141 2557 430 2629; baseline 0.007 -15"><span class='ocrx_word' id='word_1_140' title='bbox 141 2557 217 2615; x_wconf 82' lang='lat' dir='ltr'>seriis</span> <span class='ocrx_word' id='word_1_141' title='bbox 240 2574 288 2629; x_wconf 86' lang='lat' dir='ltr'>per</span> <span class='ocrx_word' id='word_1_142' title='bbox 309 2575 430 2629; x_wconf 88' lang='lat' dir='ltr'>annum;</span> 
     </span>
    </p>
   </div>
   <div class='ocr_carea' id='block_1_7' title="bbox 147 2666 305 2673">
    <p class='ocr_par' dir='ltr' id='par_1_7' title="bbox 147 2666 305 2673">
     <span class='ocr_line' id='line_1_23' title="bbox 147 2666 305 2673; baseline -0.006 0"><span class='ocrx_word' id='word_1_143' title='bbox 147 2666 305 2673; x_wconf 77' lang='grc'><em>,-.-.-.--.</em></span> 
     </span>
    </p>
   </div>
   <div class='ocr_carea' id='block_1_8' title="bbox 123 2717 937 2939">
    <p class='ocr_par' dir='ltr' id='par_1_8' title="bbox 123 2717 937 2939">
     <span class='ocr_line' id='line_1_24' title="bbox 205 2717 833 2777; baseline 0.003 -15"><span class='ocrx_word' id='word_1_144' title='bbox 205 2718 227 2773; x_wconf 88' lang='lat' dir='ltr'>l)</span> <span class='ocrx_word' id='word_1_145' title='bbox 245 2717 293 2765; x_wconf 83' lang='lat' dir='ltr'>cn.</span> <span class='ocrx_word' id='word_1_146' title='bbox 312 2718 371 2763; x_wconf 75' lang='lat' dir='ltr'>Actu</span> <span class='ocrx_word' id='word_1_147' title='bbox 387 2720 530 2776; x_wconf 79' lang='lat' dir='ltr'>cunctorum,</span> <span class='ocrx_word' id='word_1_148' title='bbox 548 2733 603 2777; x_wconf 78' lang='lat' dir='ltr'>ung.</span> <span class='ocrx_word' id='word_1_149' title='bbox 621 2721 640 2764; x_wconf 87' lang='lat' dir='ltr'>t.</span> <span class='ocrx_word' id='word_1_150' title='bbox 658 2718 688 2765; x_wconf 87' lang='lat'>11.</span> <span class='ocrx_word' id='word_1_151' title='bbox 704 2732 761 2777; x_wconf 72' lang='lat' dir='ltr'>nug.</span> <span class='ocrx_word' id='word_1_152' title='bbox 780 2717 833 2765; x_wconf 75' lang='lat'><strong>761.</strong></span> 
     </span>
     <span class='ocr_line' id='line_1_25' title="bbox 202 2796 937 2856; baseline 0.001 -15"><span class='ocrx_word' id='word_1_153' title='bbox 202 2797 226 2854; x_wconf 84' lang='lat'>2)</span> <span class='ocrx_word' id='word_1_154' title='bbox 245 2798 368 2854; x_wconf 75' lang='lat' dir='ltr'>Nummus,</span> <span class='ocrx_word' id='word_1_155' title='bbox 385 2797 455 2843; x_wconf 88' lang='lat' dir='ltr'>etium</span> <span class='ocrx_word' id='word_1_156' title='bbox 468 2798 495 2844; x_wconf 89' lang='lat' dir='ltr'>D.</span> <span class='ocrx_word' id='word_1_157' title='bbox 510 2799 697 2844; x_wconf 79' lang='lat' dir='ltr'>llonaventnrum</span> <span class='ocrx_word' id='word_1_158' title='bbox 709 2796 865 2856; x_wconf 84' lang='lat' dir='ltr'>composuisse</span> <span class='ocrx_word' id='word_1_159' title='bbox 878 2799 937 2855; x_wconf 75' lang='lat' dir='ltr'>Offi-</span> 
     </span>
     <span class='ocr_line' id='line_1_26' title="bbox 123 2872 936 2939; baseline 0.005 -16"><span class='ocrx_word' id='word_1_160' title='bbox 123 2872 127 2877; x_wconf 76' lang='grc'><strong>’</strong></span> <span class='ocrx_word' id='word_1_161' title='bbox 140 2879 204 2923; x_wconf 79' lang='lat' dir='ltr'>ulum</span> <span class='ocrx_word' id='word_1_162' title='bbox 214 2878 366 2936; x_wconf 79' lang='lat' dir='ltr'>depaesione</span> <span class='ocrx_word' id='word_1_163' title='bbox 373 2878 471 2923; x_wconf 70' lang='lat' dir='ltr'>Deretini</span> <span class='ocrx_word' id='word_1_164' title='bbox 477 2894 487 2935; x_wconf 83' lang='grc'>,·</span> <span class='ocrx_word' id='word_1_165' title='bbox 495 2880 539 2926; x_wconf 80' lang='lat' dir='ltr'>cfr.</span> <span class='ocrx_word' id='word_1_166' title='bbox 547 2880 622 2939; x_wconf 83' lang='lat' dir='ltr'>Opera</span> <span class='ocrx_word' id='word_1_167' title='bbox 631 2880 717 2937; x_wconf 80' lang='lat' dir='ltr'>cumin,</span> <span class='ocrx_word' id='word_1_168' title='bbox 724 2881 744 2924; x_wconf 85' lang='lat' dir='ltr'>t.</span> <span class='ocrx_word' id='word_1_169' title='bbox 751 2879 812 2925; x_wconf 87' lang='lat' dir='ltr'>vlll.</span> <span class='ocrx_word' id='word_1_170' title='bbox 820 2893 874 2938; x_wconf 78' lang='lat' dir='ltr'>pug.</span> <span class='ocrx_word' id='word_1_171' title='bbox 884 2880 936 2927; x_wconf 80' lang='lat'>152.</span> 
     </span>
    </p>
   </div>
   <div class='ocr_carea' id='block_1_9' title="bbox 0 0 1154 3425">
    <p class='ocr_par' dir='ltr' id='par_1_9' title="bbox 0 0 1154 3425">
     <span class='ocr_line' id='line_1_27' title="bbox 0 0 1154 3425; baseline 0 0"><span class='ocrx_word' id='word_1_172' title='bbox 0 0 1154 3425; x_wconf 95' lang='lat' dir='ltr'> </span> 
     </span>
    </p>
   </div>
  </div>
 </body>
</html>
