2284 3425
449 214 583 281 aaronem
605 233 636 278 n.
884 215 941 278 105

139 428 288 486 continent
319 427 406 486 verba
433 445 485 486 sua
517 427 627 498 sancte.
662 426 815 500 Propterea
846 442 943 486 moneo

139 525 247 584 tratres
267 543 344 586 meos
368 543 465 586 omnes
485 528 515 584 ot
535 528 563 584 in
587 526 701 585 Christo
720 523 857 594 conforto,
878 541 945 598 qua·

139 624 235 695 tenus,
249 624 416 699 ubicumque
434 625 597 686 invenerint
610 625 706 683 divina
727 625 813 692 verba
827 623 943 696 scripte,

140 723 217 782 sicut
236 725 368 798 possum,
382 725 604 793 venerentur-et,
620 724 758 798 quantam
773 724 808 782 col
823 739 870 782 cos
884 740 944 796 spo-

139 823 212 896 ctnt,
240 825 264 881 si
291 840 348 882 non
376 823 445 882 sant
472 824 597 898 reposita
625 823 694 881 beno
722 823 766 880 vol
798 821 945 880 inhoneste

136 921 237 979 iacent
256 923 285 979 in
310 922 371 981 loco
395 923 491 996 aliquo
518 922 657 994 dispersa,
684 920 822 993 colligent
848 920 878 977 et
904 935 944 978 re·

142 1019 253 1092 ponant
272 1019 447 1079 honorantes
467 1021 495 1078 in
518 1020 694 1079 sermonibus
718 1019 875 1086 Dominum,
897 1017 944 1090 qui

140 1118 263 1178 locutus.
276 1119 330 1176 est.
350 1119 443 1178 Multa
463 1119 537 1177 enirn
558 1117 783 1189 sanctificentur
794 1132 848 1189 per
860 1116 945 1174 verto
1067 1173 1069 1181 p

142 1218 203 1276 Dei
216 1217 272 1293 (1),
293 1219 322 1277 et
342 1219 371 1276 in
398 1218 504 1276 virtute
531 1218 680 1276 verboram
710 1215 816 1274 Christi
843 1215 945 1273 altaris

141 1315 292 1376 conficitur
313 1318 530 1376 sacramentum.
757 1373 760 1378 Α

224 1416 367 1505 Confiteor
387 1417 534 1490 praeterea
545 1413 590 1492 (o)
607 1415 664 1474 lico
679 1414 759 1472 Petri
781 1413 810 1472 et
831 1411 904 1473 Fllio
918 1412 946 1470 et

141 1515 262 1588 Spiritui
276 1516 374 1575 sancto
387 1516 417 1575 et
431 1515 529 1574 beatae
544 1515 651 1572 Mariae
667 1514 819 1587 perpetuae
834 1512 945 1584 Virgini

141 1615 173 1672 et
193 1614 323 1673 omnibus
343 1615 451 1673 sanctis
471 1615 500 1672 in
521 1614 599 1672 caelo
620 1614 648 1672 et
670 1615 698 1671 in
720 1613 799 1670 torre
816 1614 846 1670 ot
866 1628 946 1685 gene·

143 1714 199 1772 rali
221 1714 351 1773 ministro
372 1715 456 1773 huius
478 1714 623 1787 religionis
641 1701 765 1782 nostrae,
780 1713 854 1770 sicut
867 1728 947 1769 vene·

143 1813 229 1871 rabili
250 1812 362 1872 domino
382 1829 452 1883 meo,
473 1813 502 1870 et
522 1812 653 1872 omnibus
671 1810 863 1869 sacerdotibus
877 1810 947 1869 ordi·

145 1914 191 1970 nis
206 1912 296 1970 nostri
311 1912 342 1969 ot
362 1911 492 1971 omnibns
512 1911 578 1969 aliis
606 1909 744 1969 iratribus
772 1910 841 1966 rneis
870 1909 947 1965 benc·

145 2010 230 2068 dictis
250 2011 344 2069 omnia
365 2011 479 2082 peccata
501 2026 571 2067 mea.
594 2009 628 2066 In
650 2008 749 2065 maltis
770 2006 870 2065 offendi
887 2022 948 2063 mea

145 2110 229 2183 gravi
249 2109 342 2182 culpa,
363 2109 524 2181 specialiter
544 2109 612 2181 quia
632 2108 769 2179 regulam,
790 2122 872 2179 qnam
896 2104 949 2163 Do·

146 2209 223 2267 mino
244 2209 369 2281 promisi,
390 2225 446 2266 non
468 2208 590 2275 servavi,
604 2190 655 2264 neo
669 2204 800 2272 officinm,
815 2206 888 2263 sicut
909 2220 949 2262 re·

143 2309 215 2381 gula
238 2306 461 2380 praecipitent
483 2308 541 2365 sive
556 2304 730 2379 negligentia
754 2304 813 2363 siro
834 2303 949 2362 infirmi·

145 2407 219 2465 tatis
240 2387 317 2465 meae
337 2407 480 2465 occasione
500 2406 559 2463 sive
580 2407 646 2479 qaia
674 2406 810 2479 ignorans
837 2420 899 2461 sero
920 2403 950 2460 et

146 2506 244 2565 idiota.
266 2504 388 2579 Ideoque
409 2521 460 2578 per
480 2506 574 2563 ornrria
595 2520 652 2572 ore,
675 2505 748 2563 siout
767 2519 890 2577 possum,
905 2518 950 2575 ge·

144 2606 271 2664 noralem
293 2605 435 2663 dominam
458 2621 549 2662 meum
571 2602 742 2670 ministrnm,
764 2604 797 2658 et
811 2601 897 2659 faciat
911 2617 950 2659 re·

144 2705 244 2778 gulam
259 2702 296 2761 ab
309 2703 440 2761 omnibns
453 2700 656 2761 inviolabiliter
670 2701 814 2759 observari
828 2699 866 2772 et,
877 2700 950 2773 qnod

147 2840 310 2849 -ῳ

212 2919 236 2976 l)
253 2918 273 2966 l.
291 2916 351 2964 Tim.
369 2916 392 2978 ⁴,
410 2915 433 2965 5.
