2284 3425
257 132 315 190 164
495 149 661 192 serenares
681 151 810 194 cnrrrcos

256 339 370 412 placitis
390 339 420 397 et
441 340 620 412 praeiudiciis
641 342 701 398 suis
720 341 862 414 congruit,
883 341 916 398 at
936 355 992 398 non
1012 357 1057 398 ve·

255 439 345 496 nitati.
367 438 394 496 Si
417 439 551 497 differunt
572 440 671 513 regola
693 440 834 512 primast
855 439 985 506 secunda,
1007 437 1058 497 dif-

256 535 352 595 fernnt
372 553 412 605 eo,
438 537 511 610 qnod
539 538 662 596 secunda
689 539 734 595 est
761 537 872 597 brevior
899 538 929 595 et
954 537 1057 595 melius

255 634 386 693 ordinata
407 635 436 692 et
457 636 547 708 magis
569 637 705 708 praecisa,
727 636 759 693 at
786 637 910 694 essentia
935 636 966 694 et
991 635 1058 694 snb·
1088 709 1091 716 Ι

255 733 364 791 stantia
384 733 428 790 est
449 735 562 792 omnino
583 735 612 790 et
633 734 717 806 plane
731 734 836 803 eadem,
851 734 880 792 et
894 735 957 807 ipsa
971 734 1058 792 verba

254 831 369 904 regulae
383 831 520 890 secundae
535 834 563 890 in
579 833 679 906 regola
697 833 788 905 prima
803 849 907 906 magna
926 832 1058 905 exparte

255 930 310 986 iam
332 928 483 998 habentur,
504 930 579 1002 qnod
600 931 719 1003 quilibet
745 931 843 988 statim
872 930 988 1000 videbit,
1010 931 1058 1004 qni

255 1028 404 1100 utramque
425 1028 531 1101 absque
553 1029 731 1100 praeiudiciis
745 1030 962 1102 comparaverit.
976 1029 1059 1087 Unde

255 1126 284 1183 et
305 1127 417 1199 saepius
439 1128 595 1200 utramque·
610 1128 737 1200 regulam
759 1129 802 1185 nti
823 1145 914 1186 unam
934 1129 1059 1186 consido

255 1226 367 1283 rerunt.
388 1226 455 1298 Ipse
477 1242 551 1298 papa
571 1226 717 1284 Honorius
735 1225 794 1284 III.
810 1228 837 1283 in
860 1226 938 1284 bulla
959 1227 1060 1286 confir·

256 1325 389 1383 motionis
410 1324 477 1382 dioit
502 1342 532 1383 se
557 1325 724 1383 confirmare
750 1324 907 1399 «reperiam
927 1342 947 1382 α
968 1325 1060 1384 bonae

255 1425 403 1481 memoriae
418 1423 591 1481 Innocentio
600 1440 686 1496 papo
699 1423 894 1496 approbatam
905 1447 932 1481 ».
955 1423 1061 1482 Frater

255 1521 334 1578 Elias
362 1523 404 1592 in,
422 1522 543 1595 epistola
573 1521 609 1578 ad
641 1521 745 1580 iratres
777 1523 885 1579 «iuxta
912 1521 1061 1581 Valenoia·

255 1636 336 1678 nas»
369 1619 502 1693 degentes
527 1619 698 1678 transmissa
723 1622 799 1692 ipsos
823 1620 1002 1690 exhortator,
1027 1622 1061 1679 nt

261 1720 418 1777 «sanctam
439 1721 566 1793 regulam
589 1720 715 1778 nostram
739 1737 789 1793 per
809 1720 951 1779 <lominum
973 1721 1061 1780 Inno-

254 1819 377 1876 oentinm
398 1818 586 1891 approbatam
608 1819 637 1875 et
658 1836 708 1890 per
729 1818 872 1876 dominnm
899 1818 1059 1877 Honorinm

255 1918 450 1975 confirmatam
480 1933 550 1989 pure
580 1917 609 1974 et
636 1915 838 1975 inviolabiliter
861 1917 890 1974 et
920 1917 1062 1975 indefesse

255 2015 406 2073 observent
417 2013 499 2089 (1)».
514 2015 617 2071 Frater
634 2014 718 2087 Hngo
732 2014 765 2071 de
780 2014 883 2088 Digna,
902 2016 1062 2087 «spiritua
1126 2055 1127 2098 3

254 2115 291 2172 lis
311 2114 393 2173 homo
409 2114 486 2171 ultra
502 2113 613 2171 modum
625 2136 653 2181 s,
669 2113 833 2171 relationem
856 2113 931 2171 inter
952 2115 1061 2172 utram·
1126 2135 1128 2150 2

238 2194 308 2287 ¹qne
337 2213 464 2285 regulam
486 2211 555 2269 bene
583 2211 689 2269 indicat
709 2211 819 2270 dicans:
852 2212 925 2270 «De
954 2214 1062 2286 reputo
1125 2263 1126 2282 ἶ

250 2327 306 2382 per
317 2311 458 2369 dominnm
471 2309 678 2367 Innocentium
690 2310 856 2381 approbata
868 2310 1061 2383 postmodnm,

319 2578 340 2635 l)
351 2576 458 2635 Epistola
469 2578 528 2623 haec
539 2577 599 2623 data
611 2591 690 2624 ‹anrro
698 2577 852 2637 pontificatus
861 2577 950 2625 domini
960 2579 1061 2628 Honorii
1124 2578 1126 2597 ²

254 2672 329 2717 popae
344 2657 454 2705 decime»
474 2658 578 2703 habetur
594 2657 619 2703 in
631 2658 763 2705 Annalibus
773 2659 913 2705 Hannoniae
929 2659 961 2707 ir.
977 2661 1062 2708 laoobs'

254 2740 283 2785 de
300 2739 398 2795 Gnisio,
414 2738 457 2784 lib.
476 2738 542 2785 XXl.
560 2751 611 2797 oap.
629 2739 704 2785 xvn.
723 2739 778 2796 (cfr.
793 2740 946 2787 Monumenta
962 2740 1060 2789 Germa·

254 2818 308 2865 niae
324 2817 449 2877 historiae,
467 2817 610 2877 Scriptores,
627 2820 647 2864 t.
666 2818 745 2865 XXX.
762 2833 786 2878 p.
805 2819 823 2866 l.
841 2833 896 2878 pag.
913 2819 996 2880 m).
