2284 3425
259 194 315 253 162
497 211 660 254 cernamus
681 212 820 254 onrurcus.

259 401 311 459 bus
332 401 426 459 verbis
451 400 628 474 conceperat,
651 401 744 458 verbis
765 401 914 474 Evangelii
939 401 1058 460 adorna-

240 499 347 570 =ret»;
376 499 447 558 idem
477 500 619 558 londanus
647 499 743 567 refert,
772 501 844 572 quod
877 500 1056 558 «secundum

258 600 376 671 primam
407 599 533 671 regulam
563 597 667 656 fratres
696 599 765 656 ferie
792 599 896 671 quarta
924 599 951 656 ot
978 600 1058 655 sexta

256 697 421 755 ieiunabant
434 696 478 773 (1)
489 720 515 752 i.
532 697 657 754 Iacobus
678 697 867 756 Virriocensis
880 714 954 756 anno
970 696 1057 754 1217.

166 807 170 811 ’
256 795 355 852 scribit
376 794 409 853 de
431 795 578 861 fratribus,
601 795 674 867 quod
700 797 810 854 «semol
839 798 867 853 in
892 813 968 854 anno
997 813 1061 873 con-y

257 894 404 952 veniunt...
426 894 455 951 et
475 895 592 952 consilio
613 895 749 953 bonorum
773 897 896 954 uirorum
924 911 993 953 suas
1021 897 1059 953 la·

256 991 335 1049 cinnt
363 993 391 1049 et
420 992 605 1065 promulgant
630 993 824 1051 institutiones
850 994 1016 1058 sanctas‚et
1042 1011 1059 1049 a

256 1091 367 1148 domino
389 1107 464 1163 papa
485 1091 668 1149 confirmatas
684 1089 769 1169 (2)»‚
790 1109 823 1150 ex
848 1092 950 1165 quibus
971 1109 1058 1150 unam

256 1189 337 1247 nobis
358 1190 470 1247 notavit
492 1189 656 1248 celanensis
682 1192 710 1246 in
735 1190 855 1263 legende
876 1190 998 1248 secunda
1013 1190 1059 1266 (3)

256 1287 389 1355 referens,
411 1287 484 1360 quod
505 1287 533 1344 S.
555 1287 724 1346 Franclscus
750 1310 764 1338 ι
777 1305 827 1360 pro
847 1289 973 1360 generali
988 1305 1060 1348 com-

257 1386 408 1444 monitione
430 1387 458 1442 in
485 1386 607 1458 quodam
635 1386 760 1458 capitulo
789 1387 871 1444 scribi
901 1387 966 1444 fecit
991 1386 1060 1444 haec

255 1483 357 1541 uerba:
380 1484 507 1541 Caveant
528 1484 642 1550 fratrea
664 1501 699 1542 ne
725 1501 754 1541 se
782 1485 935 1543 ostendant
955 1484 1058 1542 extrin-

256 1599 335 1640 secus
356 1582 501 1641 nubilosos
523 1583 551 1640 et
572 1582 736 1656 hypocritas
761 1583 869 1650 tristes
891 1583 939 1640 sed
964 1584 1060 1641 osten-

255 1682 326 1739 dant
347 1698 376 1740 se
397 1681 553 1755 gaudentes
575 1683 602 1739 in
627 1682 755 1755 Domino,
776 1680 882 1741 hilares
910 1682 939 1738 et
964 1684 1059 1740 iucun-

255 1781 305 1839 dos
325 1781 354 1838 ct
374 1780 573 1839 convenienter
592 1782 779 1853 gratiosos»;
802 1798 872 1853 quae
900 1782 988 1838 uerba
1016 1783 1057 1838 in-

255 1881 333 1937 serta
354 1878 495 1936 habentur
516 1880 544 1936 in
567 1896 629 1950 cap.
651 1878 718 1937 Vll.
734 1880 848 1952 regulae
868 1880 984 1951 primae.
1000 1880 1057 1937 Ho-

255 1979 353 2036 norius
368 1978 426 2035 ΙΙΙ.
448 1978 491 2035 die
513 1978 560 2035 20.
588 1978 661 2049 sept.
691 1977 778 2035 1220.
799 1977 877 2034 dedit
904 1976 1056 2046 decretum,

255 2094 288 2133 ne
310 2076 415 2134 fratres
437 2076 502 2147 post
517 2074 622 2133 factam
644 2076 843 2148 professionem
866 2076 992 2134 ordinem
1016 2095 1057 2134 re·
1119 2133 1120 2144 ,

254 2175 416 2247 linquerent
436 2190 507 2232 nere
534 2175 636 2232 «extra
658 2174 870 2232 obedientiam»
902 2191 1057 2247 evagaren-
1118 2255 1120 2259 ,

194 2308 196 2313 ·
255 2273 312 2340 tur,
334 2272 407 2344 quod
429 2272 464 2330 ad
486 2290 547 2345 cap.
569 2272 611 2331 II.
633 2273 747 2344 regulae
768 2272 966 2330 adddiderunt.

335 2370 394 2439 Quo
417 2372 496 2430 modo
518 2388 567 2443 per
589 2371 699 2446 aliquot
723 2387 812 2429 annos
838 2372 936 2444 regula
965 2374 1056 2445 prima

318 2559 340 2615 1)
359 2559 473 2605 Analecta
490 2558 662 2617 Francisoana‚
680 2561 700 2617 t,
718 2560 737 2606 I.
759 2573 814 2618 pag.
837 2560 860 2605 6.
884 2572 947 2604 num.
973 2558 1011 2607 15.
1032 2562 1056 2605 et

254 2652 309 2697 pag.
327 2638 351 2684 4.
371 2653 433 2685 nurci.
455 2640 490 2685 11.

316 2720 341 2780 2)
359 2720 407 2767 on.
421 2721 542 2779 Speculum
554 2720 707 2779 perfectionis
720 2721 766 2779 (ed.
779 2720 909 2779 Sabatier),
922 2720 1053 2780 appendix,
1117 2724 1119 2738 ¹

256 2814 310 2858 prag.
329 2800 383 2847 300.

316 2882 341 2940 3)
360 2881 384 2927 Ρ.
403 2882 425 2927 3.
444 2895 496 2942 cap.
516 2882 555 2928 90.

1115 2785 1117 2814 l
