2284 3425
479 225 568 267 orror
591 225 653 268 rin.
929 206 967 263 35

163 328 372 335 -—·-—-—--——-
827 326 968 331 --‚“—--

179 521 261 579 VIII.
284 552 322 565 -
344 517 421 593 Quo'd
442 518 619 605 bomensor
641 519 778 597 recipient
797 519 953 595 pecuniam.

246 708 383 774 Dominus
405 710 542 780 praecipit
557 710 585 775 in
601 710 757 781 Evangelio
769 708 830 781 (1):
860 708 967 779 Videte,

162 808 258 862 cnoele
279 806 315 863 nb
337 807 416 863 omni
437 807 547 864 malitia
569 808 598 863 et
620 808 768 876 sauritim
782 810 810 863 et
830 806 968 864 attendite

163 902 243 961 vobis
263 921 281 961 a
303 904 539 963 sollicitudinibus
561 905 646 962 buius
674 899 777 963 saeculi
799 905 828 962 et
848 922 867 961 a
888 906 968 962 curis

164 1000 254 1059 herlus
275 1004 359 1060 vitoe.
382 1003 461 1061 Unde
483 1004 580 1061 nullus
602 1004 734 1071 fratrum,
750 1003 916 1075 ubicumque
930 1003 969 1059 sit

163 1100 194 1155 et
215 1117 388 1173 quocumque
410 1101 498 1167 vadit,
520 1102 614 1175 aliquo
636 1102 717 1163 mode
740 1102 824 1160 tollat
839 1118 889 1159 nec
903 1103 969 1159 reei-

165 1200 227 1270 piat
248 1216 298 1257 nnc
320 1202 404 1272 recipi
427 1200 515 1258 breint
536 1201 749 1272 pecuniamaut
763 1200 903 1268 denarios,
919 1217 969 1263 nee

163 1300 308 1357 occasione
336 1300 568 1358 vestimentorum
598 1316 649 1356 nee
677 1298 813 1357 librorum
842 1316 893 1357 nec
917 1315 969 1372 pro

165 1398 257 1469 pretio
278 1397 399 1456 alicuius
421 1398 535 1465 laboris,
552 1399 638 1456 immo
652 1398 732 1456 nulla
747 1398 898 1466 occasione,
914 1398 967 1454 nisi

164 1495 283 1567 proptor
305 1496 483 1554 manifestam
506 1496 703 1554 necessitatem
719 1496 895 1553 intirmorum
912 1495 970 1553 lra-

163 1595 259 1663 trum3
282 1595 348 1667 quia
370 1611 425 1654 non
447 1594 581 1652 debemus
604 1596 735 1653 maiorem
762 1594 865 1651 babere
891 1594 969 1652 utili-

167 1692 255 1749 tatem
279 1693 307 1750 et
329 1694 462 1766 reputare
484 1694 511 1750 in
535 1695 654 1766 pecunia
682 1693 710 1750 et
737 1693 861 1751 denariis
884 1709 968 1766 quam

164 1791 193 1847 in
217 1791 369 1862 lapidibus
383 1792 422 1848 ut
443 1793 508 1850 illes
524 1792 588 1849 vult
600 1792 730 1850 diabolus
749 1792 905 1860 obcaecare,
921 1793 968 1864 qui

163 1905 226 1949 eam
247 1890 389 1962 appetunt
411 1891 454 1947 vel
482 1891 619 1962 reputant
646 1889 789 1962 lapidibus
817 1890 968 1958 meliorem.

165 1987 323 2045 Careamus
337 2005 413 2060 erge,
429 1989 477 2060 qui
492 1990 585 2047 omnia
601 1989 774 2060 reliquimus,
790 2005 824 2045 ne
844 2005 894 2060 pro
909 1989 967 2044 tarn

164 2086 273 2145 modico
295 2103 413 2159 regnum
436 2086 577 2145 caelorum
600 2084 814 2158 per·damus.Et
836 2087 859 2143 si
878 2084 905 2142 iir
920 2087 969 2144 ali·

163 2201 219 2258 qno
242 2185 301 2242 leco
322 2185 513 2242 invenerimus
534 2185 665 2242 denarios
677 2182 732 2259 (a),
747 2184 781 2241 de
795 2183 840 2242 his
855 2201 911 2243 non
925 2202 969 2243 cu·

164 2300 260 2341 remus
282 2283 426 2355 tamquam
450 2283 482 2340 de
505 2282 629 2354 pulvere,
644 2299 725 2354 quem
748 2283 866 2354 pedibus
880 2283 969 2340 calca-

163 2399 228 2439 mus
240 2382 295 2457 (2),
316 2383 382 2453 quia
402 2382 519 2438 vanitas
540 2382 716 2453 bonitatum,
731 2384 758 2438 et
777 2381 876 2438 omnia
889 2382 969 2439 ooni-

163 2483 210 2538 tns
223 2479 279 2554 (3).
294 2480 332 2536 Et
347 2481 370 2536 si
385 2479 466 2548 forte,
482 2479 556 2551 qued
570 2479 655 2546 absit,
670 2478 830 2552 eontigerit,
846 2480 966 2551 aliquem

230 2729 252 2786 l)
271 2729 326 2774 Luc.
348 2727 384 2784 12,
405 2728 447 2780 15;
465 2740 485 2773 c.
504 2725 531 2770 21
562 2726 602 2772 al.

226 2809 254 2865 dl
271 2807 320 2855 cfr.
339 2807 448 2864 Legenda
465 2805 536 2852 trinnr
554 2820 601 2853 soe.
621 2820 644 2852 n.
659 2807 697 2853 35.

230 2889 255 2946 3)
272 2888 349 2935 Eeeie.
364 2888 391 2945 -l,
410 2889 433 2933 2.
