<?xml version="1.0" encoding="UTF-8"?>
<!DOCTYPE html PUBLIC "-//W3C//DTD XHTML 1.0 Transitional//EN"
    "http://www.w3.org/TR/xhtml1/DTD/xhtml1-transitional.dtd">
<html xmlns="http://www.w3.org/1999/xhtml" xml:lang="en" lang="en">
 <head>
  <title>
</title>
<meta http-equiv="Content-Type" content="text/html;charset=utf-8" />
  <meta name='ocr-system' content='tesseract 3.04.00' />
  <meta name='ocr-capabilities' content='ocr_page ocr_carea ocr_par ocr_line ocrx_word'/>
</head>
<body>
  <div class='ocr_page' id='page_1' title='image "bibliothecafran01romgoog_0148.png"; bbox 0 0 2284 3425; ppageno 0'>
   <div class='ocr_carea' id='block_1_1' title="bbox 439 824 749 962">
    <p class='ocr_par' dir='ltr' id='par_1_1' title="bbox 439 824 749 962">
     <span class='ocr_line' id='line_1_1' title="bbox 439 824 749 962; baseline 0.003 -39"><span class='ocrx_word' id='word_1_1' title='bbox 439 824 675 962; x_wconf 65' lang='lat' dir='ltr'>ffliieium</span> <span class='ocrx_word' id='word_1_2' title='bbox 742 871 749 896; x_wconf 88' lang='lat'><strong>·</strong></span> 
     </span>
    </p>
   </div>
   <div class='ocr_carea' id='block_1_2' title="bbox 236 1088 871 1142">
    <p class='ocr_par' dir='ltr' id='par_1_2' title="bbox 236 1088 871 1142">
     <span class='ocr_line' id='line_1_2' title="bbox 236 1088 871 1142; baseline -0.006 -1"><span class='ocrx_word' id='word_1_3' title='bbox 236 1089 586 1142; x_wconf 80' lang='lat' dir='ltr'>PASSIONIS</span> <span class='ocrx_word' id='word_1_4' title='bbox 615 1088 871 1140; x_wconf 82' lang='lat' dir='ltr'>DOMINI</span> 
     </span>
    </p>
   </div>
   <div class='ocr_carea' id='block_1_3' title="bbox 505 1284 610 1339">
    <p class='ocr_par' dir='ltr' id='par_1_3' title="bbox 505 1284 610 1339">
     <span class='ocr_line' id='line_1_3' title="bbox 505 1284 610 1339; baseline 0 -22"><span class='ocrx_word' id='word_1_5' title='bbox 505 1284 610 1339; x_wconf 47' lang='grc' dir='ltr'>ψ.</span> 
     </span>
    </p>
   </div>
   <div class='ocr_carea' id='block_1_4' title="bbox 440 1357 451 1382">
    <p class='ocr_par' dir='ltr' id='par_1_4' title="bbox 440 1357 451 1382">
     <span class='ocr_line' id='line_1_4' title="bbox 440 1357 451 1382; baseline 0 0"><span class='ocrx_word' id='word_1_6' title='bbox 440 1357 451 1382; x_wconf 86' lang='grc' dir='ltr'><strong><em>Ι</em></strong></span> 
     </span>
    </p>
   </div>
   <div class='ocr_carea' id='block_1_5' title="bbox 152 1553 966 2961">
    <p class='ocr_par' dir='ltr' id='par_1_5' title="bbox 152 1553 966 2961">
     <span class='ocr_line' id='line_1_5' title="bbox 227 1553 956 1621; baseline 0.003 -17"><span class='ocrx_word' id='word_1_7' title='bbox 227 1553 355 1615; x_wconf 74' lang='lat' dir='ltr'>incipiunt</span> <span class='ocrx_word' id='word_1_8' title='bbox 368 1554 470 1620; x_wconf 82' lang='lat' dir='ltr'><strong>psalmi,</strong></span> <span class='ocrx_word' id='word_1_9' title='bbox 483 1569 551 1621; x_wconf 83' lang='lat' dir='ltr'>qiios</span> <span class='ocrx_word' id='word_1_10' title='bbox 563 1554 696 1607; x_wconf 77' lang='lat' dir='ltr'>ordinavit</span> <span class='ocrx_word' id='word_1_11' title='bbox 706 1553 873 1606; x_wconf 83' lang='lat' dir='ltr'>beatissimus</span> <span class='ocrx_word' id='word_1_12' title='bbox 883 1560 956 1620; x_wconf 82' lang='lat' dir='ltr'>pater</span> 
     </span>
     <span class='ocr_line' id='line_1_6' title="bbox 156 1643 956 1696; baseline 0.001 -3"><span class='ocrx_word' id='word_1_13' title='bbox 156 1648 243 1693; x_wconf 83' lang='lat' dir='ltr'>noster</span> <span class='ocrx_word' id='word_1_14' title='bbox 255 1643 408 1695; x_wconf 79' lang='lat' dir='ltr'>Franciscus</span> <span class='ocrx_word' id='word_1_15' title='bbox 420 1643 453 1695; x_wconf 92' lang='lat' dir='ltr'>ad</span> <span class='ocrx_word' id='word_1_16' title='bbox 467 1645 642 1696; x_wconf 79' lang='lat' dir='ltr'>reverentiam</span> <span class='ocrx_word' id='word_1_17' title='bbox 656 1650 682 1696; x_wconf 86' lang='lat' dir='ltr'>et</span> <span class='ocrx_word' id='word_1_18' title='bbox 695 1643 850 1696; x_wconf 82' lang='lat' dir='ltr'>memoriam</span> <span class='ocrx_word' id='word_1_19' title='bbox 863 1651 890 1695; x_wconf 87' lang='lat' dir='ltr'>et</span> <span class='ocrx_word' id='word_1_20' title='bbox 902 1643 956 1694; x_wconf 89' lang='lat' dir='ltr'>ian·</span> 
     </span>
     <span class='ocr_line' id='line_1_7' title="bbox 156 1732 958 1799; baseline 0.001 -16"><span class='ocrx_word' id='word_1_21' title='bbox 156 1732 217 1784; x_wconf 87' lang='lat' dir='ltr'>dem</span> <span class='ocrx_word' id='word_1_22' title='bbox 228 1734 357 1798; x_wconf 82' lang='lat' dir='ltr'>passionis</span> <span class='ocrx_word' id='word_1_23' title='bbox 368 1734 479 1785; x_wconf 86' lang='lat' dir='ltr'>Domini.</span> <span class='ocrx_word' id='word_1_24' title='bbox 489 1735 520 1786; x_wconf 83' lang='lat' dir='ltr'>Et</span> <span class='ocrx_word' id='word_1_25' title='bbox 530 1734 681 1799; x_wconf 81' lang='lat' dir='ltr'>incipiunta</span> <span class='ocrx_word' id='word_1_26' title='bbox 694 1734 866 1799; x_wconf 70' lang='lat' dir='ltr'>completorio</span> <span class='ocrx_word' id='word_1_27' title='bbox 877 1734 958 1785; x_wconf 78' lang='lat' dir='ltr'>seriae</span> 
     </span>
     <span class='ocr_line' id='line_1_8' title="bbox 156 1821 957 1891; baseline 0.001 -17"><span class='ocrx_word' id='word_1_28' title='bbox 156 1822 263 1888; x_wconf 82' lang='lat' dir='ltr'>quintae</span> <span class='ocrx_word' id='word_1_29' title='bbox 282 1821 385 1875; x_wconf 85' lang='lat' dir='ltr'>Coenao</span> <span class='ocrx_word' id='word_1_30' title='bbox 403 1823 615 1885; x_wconf 73' lang='lat' dir='ltr'>dominemini,</span> <span class='ocrx_word' id='word_1_31' title='bbox 634 1837 666 1875; x_wconf 92' lang='lat' dir='ltr'>eo</span> <span class='ocrx_word' id='word_1_32' title='bbox 678 1823 756 1891; x_wconf 86' lang='lat' dir='ltr'>&#39;quod</span> <span class='ocrx_word' id='word_1_33' title='bbox 777 1823 801 1875; x_wconf 96' lang='lat' dir='ltr'>in</span> <span class='ocrx_word' id='word_1_34' title='bbox 822 1824 861 1875; x_wconf 88' lang='lat' dir='ltr'>iiia</span> <span class='ocrx_word' id='word_1_35' title='bbox 881 1829 957 1875; x_wconf 91' lang='lat' dir='ltr'>noete</span> 
     </span>
     <span class='ocr_line' id='line_1_9' title="bbox 156 1910 957 1978; baseline -0.001 -14"><span class='ocrx_word' id='word_1_36' title='bbox 156 1912 266 1964; x_wconf 83' lang='lat' dir='ltr'>traditus</span> <span class='ocrx_word' id='word_1_37' title='bbox 286 1913 333 1965; x_wconf 87' lang='lat' dir='ltr'>init</span> <span class='ocrx_word' id='word_1_38' title='bbox 351 1919 377 1964; x_wconf 89' lang='lat' dir='ltr'>et</span> <span class='ocrx_word' id='word_1_39' title='bbox 395 1919 488 1978; x_wconf 81' lang='lat' dir='ltr'>eaptus</span> <span class='ocrx_word' id='word_1_40' title='bbox 500 1913 629 1965; x_wconf 90' lang='lat' dir='ltr'>Dominus</span> <span class='ocrx_word' id='word_1_41' title='bbox 646 1920 733 1965; x_wconf 77' lang='lat' dir='ltr'>noster</span> <span class='ocrx_word' id='word_1_42' title='bbox 747 1913 816 1964; x_wconf 89' lang='lat' dir='ltr'>iesus</span> <span class='ocrx_word' id='word_1_43' title='bbox 829 1910 957 1966; x_wconf 84' lang='lat' dir='ltr'>Cinistns.</span> 
     </span>
     <span class='ocr_line' id='line_1_10' title="bbox 157 2000 966 2069; baseline 0 -16"><span class='ocrx_word' id='word_1_44' title='bbox 157 2002 186 2053; x_wconf 87' lang='lat' dir='ltr'>Et</span> <span class='ocrx_word' id='word_1_45' title='bbox 204 2009 273 2067; x_wconf 87' lang='lat' dir='ltr'>nota,</span> <span class='ocrx_word' id='word_1_46' title='bbox 293 2002 366 2069; x_wconf 88' lang='lat' dir='ltr'>quod</span> <span class='ocrx_word' id='word_1_47' title='bbox 385 2003 423 2054; x_wconf 88' lang='lat' dir='ltr'>sie</span> <span class='ocrx_word' id='word_1_48' title='bbox 441 2001 544 2055; x_wconf 82' lang='lat' dir='ltr'>dicebat</span> <span class='ocrx_word' id='word_1_49' title='bbox 557 2002 627 2054; x_wconf 89' lang='lat' dir='ltr'>istud</span> <span class='ocrx_word' id='word_1_50' title='bbox 647 2002 763 2054; x_wconf 87' lang='lat' dir='ltr'>oiiieium</span> <span class='ocrx_word' id='word_1_51' title='bbox 777 2000 870 2053; x_wconf 85' lang='lat' dir='ltr'>beatus</span> <span class='ocrx_word' id='word_1_52' title='bbox 882 2002 966 2053; x_wconf 80' lang='lat' dir='ltr'>Fran·-</span> 
     </span>
     <span class='ocr_line' id='line_1_11' title="bbox 156 2090 958 2159; baseline -0.001 -16"><span class='ocrx_word' id='word_1_53' title='bbox 156 2092 254 2143; x_wconf 84' lang='lat' dir='ltr'>eiseus:</span> <span class='ocrx_word' id='word_1_54' title='bbox 274 2092 361 2144; x_wconf 78' lang='lat' dir='ltr'>Primo</span> <span class='ocrx_word' id='word_1_55' title='bbox 383 2091 488 2145; x_wconf 85' lang='lat' dir='ltr'>dicebat</span> <span class='ocrx_word' id='word_1_56' title='bbox 512 2091 667 2154; x_wconf 80' lang='lat' dir='ltr'>orationem,</span> <span class='ocrx_word' id='word_1_57' title='bbox 692 2106 771 2159; x_wconf 86' lang='lat' dir='ltr'>qnam</span> <span class='ocrx_word' id='word_1_58' title='bbox 796 2105 843 2142; x_wconf 94' lang='lat' dir='ltr'>nos</span> <span class='ocrx_word' id='word_1_59' title='bbox 867 2090 958 2143; x_wconf 84' lang='lat' dir='ltr'>docuit</span> 
     </span>
     <span class='ocr_line' id='line_1_12' title="bbox 157 2180 958 2248; baseline -0.002 -15"><span class='ocrx_word' id='word_1_60' title='bbox 157 2182 283 2233; x_wconf 86' lang='lat' dir='ltr'>Dominus</span> <span class='ocrx_word' id='word_1_61' title='bbox 308 2188 333 2233; x_wconf 85' lang='lat' dir='ltr'>ot</span> <span class='ocrx_word' id='word_1_62' title='bbox 352 2182 487 2246; x_wconf 81' lang='lat' dir='ltr'>Magister:</span> <span class='ocrx_word' id='word_1_63' title='bbox 507 2180 682 2237; x_wconf 78' lang='lat' dir='ltr'>sanctissime</span> <span class='ocrx_word' id='word_1_64' title='bbox 696 2183 776 2248; x_wconf 80' lang='lat' dir='ltr'>patn-</span> <span class='ocrx_word' id='word_1_65' title='bbox 789 2182 880 2233; x_wconf 82' lang='lat' dir='ltr'>uoster</span> <span class='ocrx_word' id='word_1_66' title='bbox 898 2186 958 2242; x_wconf 79' lang='lat' dir='ltr'>ete,</span> 
     </span>
     <span class='ocr_line' id='line_1_13' title="bbox 155 2269 957 2335; baseline -0.002 -12"><span class='ocrx_word' id='word_1_67' title='bbox 155 2284 215 2323; x_wconf 89' lang='lat' dir='ltr'>cum</span> <span class='ocrx_word' id='word_1_68' title='bbox 235 2269 366 2333; x_wconf 78' lang='lat' dir='ltr'>laudibus,</span> <span class='ocrx_word' id='word_1_69' title='bbox 384 2285 420 2322; x_wconf 87' lang='lat' dir='ltr'>sc.</span> <span class='ocrx_word' id='word_1_70' title='bbox 441 2269 567 2335; x_wconf 72' lang='lat' dir='ltr'>Sanctae,</span> <span class='ocrx_word' id='word_1_71' title='bbox 587 2273 708 2335; x_wconf 83' lang='lat' dir='ltr'>sanctus,</span> <span class='ocrx_word' id='word_1_72' title='bbox 727 2273 847 2323; x_wconf 71' lang='lat' dir='ltr'>suiectus.</span> <span class='ocrx_word' id='word_1_73' title='bbox 867 2269 957 2321; x_wconf 81' lang='lat' dir='ltr'>Finitis</span> 
     </span>
     <span class='ocr_line' id='line_1_14' title="bbox 155 2348 961 2428; baseline 0 -17"><span class='ocrx_word' id='word_1_74' title='bbox 155 2357 280 2413; x_wconf 81' lang='lat' dir='ltr'>laudibus</span> <span class='ocrx_word' id='word_1_75' title='bbox 298 2374 358 2425; x_wconf 82' lang='lat' dir='ltr'>cum</span> <span class='ocrx_word' id='word_1_76' title='bbox 378 2361 496 2412; x_wconf 79' lang='lat' dir='ltr'>oratione</span> <span class='ocrx_word' id='word_1_77' title='bbox 521 2359 664 2428; x_wconf 79' lang='lat' dir='ltr'>incipiebat</span> <span class='ocrx_word' id='word_1_78' title='bbox 687 2363 752 2412; x_wconf 87' lang='lat' dir='ltr'>nane</span> <span class='ocrx_word' id='word_1_79' title='bbox 776 2348 961 2424; x_wconf 69' lang='lat' dir='ltr'>antiphonam</span> 
     </span>
     <span class='ocr_line' id='line_1_15' title="bbox 155 2448 956 2513; baseline -0.002 -12"><span class='ocrx_word' id='word_1_80' title='bbox 155 2449 313 2503; x_wconf 71' lang='lat' dir='ltr'>susteneat</span> <span class='ocrx_word' id='word_1_81' title='bbox 333 2448 430 2502; x_wconf 76' lang='grc' dir='ltr'><em>Μανία,</em></span> <span class='ocrx_word' id='word_1_82' title='bbox 450 2449 567 2502; x_wconf 87' lang='lat' dir='ltr'>Psalmos</span> <span class='ocrx_word' id='word_1_83' title='bbox 586 2448 691 2502; x_wconf 82' lang='lat' dir='ltr'>dicebat</span> <span class='ocrx_word' id='word_1_84' title='bbox 710 2449 796 2513; x_wconf 82' lang='lat' dir='ltr'>primo</span> <span class='ocrx_word' id='word_1_85' title='bbox 815 2449 956 2509; x_wconf 80' lang='lat' dir='ltr'>desaneta</span> 
     </span>
     <span class='ocr_line' id='line_1_16' title="bbox 155 2539 957 2615; baseline -0.001 -25"><span class='ocrx_word' id='word_1_86' title='bbox 155 2539 249 2605; x_wconf 81' lang='lat' dir='ltr'>Mania;</span> <span class='ocrx_word' id='word_1_87' title='bbox 268 2546 402 2604; x_wconf 81' lang='lat' dir='ltr'>praeterea</span> <span class='ocrx_word' id='word_1_88' title='bbox 423 2539 526 2592; x_wconf 86' lang='lat' dir='ltr'>dicebat</span> <span class='ocrx_word' id='word_1_89' title='bbox 551 2540 616 2615; x_wconf 81' lang='lat' dir='ltr'>aiios</span> <span class='ocrx_word' id='word_1_90' title='bbox 642 2541 766 2604; x_wconf 71' lang='lat' dir='ltr'>psalmos</span> <span class='ocrx_word' id='word_1_91' title='bbox 785 2553 852 2605; x_wconf 82' lang='lat' dir='ltr'>quos</span> <span class='ocrx_word' id='word_1_92' title='bbox 870 2540 957 2603; x_wconf 85' lang='lat' dir='ltr'>elege-</span> 
     </span>
     <span class='ocr_line' id='line_1_17' title="bbox 156 2626 956 2695; baseline 0 -16"><span class='ocrx_word' id='word_1_93' title='bbox 156 2638 202 2693; x_wconf 81' lang='lat' dir='ltr'>rat,</span> <span class='ocrx_word' id='word_1_94' title='bbox 221 2636 246 2679; x_wconf 83' lang='lat' dir='ltr'>et</span> <span class='ocrx_word' id='word_1_95' title='bbox 265 2628 289 2682; x_wconf 90' lang='lat' dir='ltr'>in</span> <span class='ocrx_word' id='word_1_96' title='bbox 310 2629 361 2681; x_wconf 90' lang='lat' dir='ltr'>iine</span> <span class='ocrx_word' id='word_1_97' title='bbox 379 2630 498 2682; x_wconf 93' lang='lat' dir='ltr'>omnium</span> <span class='ocrx_word' id='word_1_98' title='bbox 518 2631 692 2695; x_wconf 78' lang='lat' dir='ltr'>psalmorum,</span> <span class='ocrx_word' id='word_1_99' title='bbox 705 2642 773 2695; x_wconf 91' lang='lat' dir='ltr'>quos</span> <span class='ocrx_word' id='word_1_100' title='bbox 785 2626 898 2690; x_wconf 82' lang='lat' dir='ltr'>dicebat,</span> <span class='ocrx_word' id='word_1_101' title='bbox 917 2628 956 2679; x_wconf 93' lang='lat' dir='ltr'>di·</span> 
     </span>
     <span class='ocr_line' id='line_1_18' title="bbox 154 2716 957 2784; baseline -0.001 -14"><span class='ocrx_word' id='word_1_102' title='bbox 154 2716 231 2770; x_wconf 79' lang='lat' dir='ltr'>nebat</span> <span class='ocrx_word' id='word_1_103' title='bbox 249 2720 365 2783; x_wconf 86' lang='lat' dir='ltr'>psalmos</span> <span class='ocrx_word' id='word_1_104' title='bbox 384 2720 522 2784; x_wconf 84' lang='lat' dir='ltr'>passionis.</span> <span class='ocrx_word' id='word_1_105' title='bbox 542 2720 627 2771; x_wconf 84' lang='lat' dir='ltr'>Finito</span> <span class='ocrx_word' id='word_1_106' title='bbox 648 2719 759 2784; x_wconf 83' lang='lat' dir='ltr'>psalmo,</span> <span class='ocrx_word' id='word_1_107' title='bbox 773 2716 877 2770; x_wconf 85' lang='lat' dir='ltr'>dicebat</span> <span class='ocrx_word' id='word_1_108' title='bbox 890 2720 957 2770; x_wconf 77' lang='lat' dir='ltr'>itane</span> 
     </span>
     <span class='ocr_line' id='line_1_19' title="bbox 152 2807 957 2878; baseline 0 -19"><span class='ocrx_word' id='word_1_109' title='bbox 152 2807 335 2874; x_wconf 79' lang='lat' dir='ltr'>antiphonam,</span> <span class='ocrx_word' id='word_1_110' title='bbox 344 2822 380 2860; x_wconf 88' lang='lat' dir='ltr'>sc.</span> <span class='ocrx_word' id='word_1_111' title='bbox 393 2808 494 2864; x_wconf 79' lang='lat' dir='ltr'>Sancto</span> <span class='ocrx_word' id='word_1_112' title='bbox 508 2810 598 2863; x_wconf 86' lang='lat' dir='ltr'>Morio</span> <span class='ocrx_word' id='word_1_113' title='bbox 614 2808 794 2878; x_wconf 67' lang='lat' dir='ltr'>Virqufinita</span> <span class='ocrx_word' id='word_1_114' title='bbox 805 2808 957 2873; x_wconf 82' lang='lat' dir='ltr'>antiphona,</span> 
     </span>
     <span class='ocr_line' id='line_1_20' title="bbox 155 2897 507 2961; baseline 0.006 -14"><span class='ocrx_word' id='word_1_115' title='bbox 155 2897 288 2961; x_wconf 79' lang='lat' dir='ltr'>expietmn</span> <span class='ocrx_word' id='word_1_116' title='bbox 308 2906 363 2950; x_wconf 87' lang='lat' dir='ltr'>emt</span> <span class='ocrx_word' id='word_1_117' title='bbox 382 2899 507 2950; x_wconf 79' lang='lat' dir='ltr'>officium.</span> 
     </span>
    </p>
   </div>
   <div class='ocr_carea' id='block_1_6' title="bbox 0 0 1147 3425">
    <p class='ocr_par' dir='ltr' id='par_1_6' title="bbox 0 0 1147 3425">
     <span class='ocr_line' id='line_1_21' title="bbox 0 0 1147 3425; baseline 0 0"><span class='ocrx_word' id='word_1_118' title='bbox 0 0 1147 3425; x_wconf 95' lang='lat' dir='ltr'> </span> 
     </span>
    </p>
   </div>
  </div>
 </body>
</html>
