2284 3425
440 227 574 270 sersroce
596 228 627 269 n.
878 213 934 272 107

124 416 212 473 nant.
233 415 272 473 nt
293 433 375 474 exoro
397 418 475 490 ipsos
488 435 560 490 qnae
582 419 690 491 scripta
711 420 780 477 sunt
793 420 821 476 in
837 437 868 478 eo
883 421 936 478 soi·

122 515 205 572 licite
226 515 368 574 custodire
388 533 421 573 ac
443 515 533 574 facore
554 516 706 590 diligenter
731 517 873 599 observari
889 517 934 592 (o)

124 614 282 672 secundom
312 613 517 688 beneplacitum
546 615 749 689 omnipotentis
774 616 834 684 Dei,
861 634 935 674 nunc

124 715 159 772 ot
180 730 302 787 semper,
324 714 411 774 donoc
432 714 518 773 fuerit
532 715 576 790 (d)
600 716 721 773 mundns
742 715 804 774 iste.

211 813 355 871 Benedicti
378 830 431 886 ros
455 832 472 871 a
495 802 622 883 Domino,
645 816 691 888 qui
720 814 842 873 feceritis
867 816 933 889 isto,

125 911 158 969 et
180 912 209 969 in
230 913 378 971 aeternum
401 914 537 972 Dominus
558 915 598 972 sit
619 915 771 973 vobiscum.
793 916 893 972 Amen.

125 1023 128 1026 ’
211 1010 406 1084 Omnipotens,
441 1014 564 1082 aeterne,
601 1013 674 1072 iuste
713 1014 742 1072 ot
777 1015 934 1074 misericors

128 1110 218 1183 Dens,
239 1111 276 1168 da
298 1111 378 1170 nobis
404 1112 514 1169 miseris
541 1113 659 1186 propter
686 1113 865 1186 temetipsum
896 1113 934 1170 f·

37 1269 40 1272 ,
126 1226 191 1266 cere
212 1209 285 1282 qnod
308 1211 412 1268 scimus
433 1209 461 1267 to
484 1211 566 1278 veile,
587 1211 616 1268 ot
637 1227 746 1284 sempor
768 1212 840 1269 vetio
861 1211 933 1284 quod

127 1307 181 1364 tibi
205 1309 308 1381 piacet,
329 1309 364 1366 ut
384 1308 508 1383 interius¹
529 1309 666 1376 mundati,
689 1311 808 1367 interius
832 1311 933 1368 iiinmi·

128 1407 193 1463 nati
208 1407 237 1464 ot
251 1407 315 1480 igne
332 1407 422 1464 sancti
438 1407 561 1479 Spiritus
575 1409 683 1466 accensi
699 1409 776 1480 sequi
794 1411 934 1481 possimus

129 1505 253 1577 vestigia
275 1505 339 1562 Filii
362 1505 415 1577 tui,
431 1506 541 1563 Domini
564 1507 653 1564 nostri
669 1487 740 1565 'Ioso
768 1507 883 1575 Christi,
906 1509 935 1565 et

128 1601 164 1658 ad
188 1603 225 1669 te,
247 1600 405 1670 ditissime,
428 1606 488 1662 soia
510 1605 560 1662 tna
582 1607 677 1678 gratia
705 1607 859 1678 pervenire.
881 1606 932 1676 Qui

128 1701 158 1759 in
181 1700 321 1760 Trinitnto
337 1702 460 1775 perfecta
482 1703 510 1762 et
531 1704 649 1763 Unitete
671 1705 790 1778 sirnpiici
813 1706 884 1763 vivis
905 1707 935 1764 et

130 1817 242 1874 regnas,
256 1801 286 1858 ot
305 1800 438 1875 gloriaris
461 1803 536 1861 Deus
557 1805 736 1877 omnipotens
765 1820 814 1877 per
840 1806 933 1863 omnis

88 1902 93 1907 ’
130 1900 243 1957 saecuta
264 1901 449 1959 saecolorum.
472 1903 572 1959 Amen.
