2284 3425
220 252 257 314 1'8
510 272 729 317 auuouffloaas.
762 328 765 331 ¹

258 513 362 620 XXVI.
384 594 422 605 -
445 559 522 634 Quod
558 560 616 620 arui
636 560 688 620 Dai
708 560 843 621 honorant
863 560 986 652 alaricus.

299 714 404 771 Beatus
424 698 525 781 suavus
547 714 608 786 Dei,
630 714 677 787 qui
699 714 797 787 portat
817 713 899 771 fidem
922 716 950 771 iu
971 714 1024 772 ata-

219 814 293 882 riuis‚
315 814 362 885 qui
384 812 485 870 vivuat
507 812 581 871 ructa
603 812 753 870 secundum
774 812 892 871 formam
909 813 1023 870 sanctas

219 927 350 969 romanas
372 910 520 969 Ecclesiaa.
543 910 582 967 at
603 928 653 967 vae
675 911 801 983 illisqui
823 911 900 981 ipsos
928 910 1020 982 daspi·
1087 942 1092 950 -

205 994 492 1079 ¹ciuut31iuatsnim
523 1010 582 1067 sint
608 1008 777 1082 peccaturas,
798 1008 894 1067 umen
923 1009 1022 1066 uultus

217 1107 299 1166 debat
319 1124 366 1167 sos
387 1108 518 1176 iudicare,
539 1109 605 1181 quia
627 1110 686 1179 ipsa
714 1107 792 1165 sulus
814 1107 950 1164 Dominus
970 1124 1022 1163 ¹ra-

217 1208 314 1265 s'arvat
335 1206 387 1264 sibi
409 1209 486 1279 ipsos
506 1206 541 1263 ad
570 1205 758 1263 iudicandum.
780 1205 855 1263 Nam
883 1206 1019 1278 quantum

217 1306 306 1365 maior
334 1306 378 1361 ast
406 1295 774 1383 omuibusadministratiu
802 1321 907 1371 aarum,
935 1294 1020 1376 quam

216 1403 323 1489 habant
343 1403 376 1461 du
404 1388 781 1476 sanctissimosaarpors'at
807 1399 946 1487 sanguina
969 1401 1022 1460 Du

217 1504 284 1561 mini
307 1502 397 1560 nostri
418 1501 482 1559 Iesu
505 1500 621 1569 Christi,
643 1501 717 1573 quud
739 1502 792 1573 ipsi
824 1500 966 1573 recipiunt
993 1500 1023 1557 at

217 1602 270 1673 ipsi
284 1676 286 1682 Ι
299 1601 352 1659 soli
379 1601 443 1658 aliis
464 1599 677 1674 administrant,
699 1600 811 1657 tantum
841 1600 906 1673 ptus
929 1616 1023 1671 pecua·

216 1700 276 1757 tum
298 1698 405 1757 habant
426 1699 474 1771 qui
498 1698 615 1770 peccant
636 1698 665 1755 in
687 1699 767 1771 ipsis
788 1716 872 1772 quam
889 1699 917 1756 in
932 1698 1023 1756 omni·

216 1798 268 1855 bus
289 1799 353 1855 aliis
374 1795 535 1855 huminibus
557 1798 642 1854 istius
663 1797 759 1855 mundi
776 1798 831 1872 (a).
866 1874 868 1876 ·

248 1979 370 2041 XXVII.
396 2014 433 2026 —
454 1980 495 2040 Da
516 1980 667 2041 virtutibus
689 1980 879 2059 effugantibus
900 1981 979 2041 vitia.

196 2131 199 2135 ’
295 2136 348 2194 Ubi
370 2137 475 2194 caritas
489 2135 533 2192 ast
547 2135 577 2193 et
591 2138 741 2209 sapientia,
754 2137 791 2192 ibi
807 2153 856 2193 auc
871 2136 1020 2193 timoruau

215 2235 385 2307 ignorantia.
408 2234 461 2292 Ubi
483 2235 531 2290 est
543 2234 681 2306 patientia
702 2235 732 2292 et
745 2234 902 2301 humilitas,
918 2233 955 2290 ibi
969 2251 1020 2291 nec

215 2334 257 2390 ira
272 2349 322 2390 nea
339 2332 576 2406 pertu1·bati0(bj.
589 2333 641 2390 Ubi
658 2334 701 2390 est
717 2332 871 2406 paupertas
885 2349 947 2390 aum
962 2332 1020 2389 laa-

154 2481 157 2486 .
214 2431 288 2498 titia,
311 2430 349 2488 ibi
370 2447 420 2488 aaa
441 2430 583 2502 cupiditas
597 2447 647 2488 nac
662 2432 794 2488 avaritia.
810 2430 862 2487 Ubi
877 2430 925 2487 est
939 2431 1019 2502 quies

214 2529 243 2585 ut
264 2528 418 2597 meditatio,
434 2529 470 2586 ibi
493 2545 582 2602 nuqua
604 2529 762 2588 sollicitudo
783 2544 872 2600 nequa
895 2529 1018 2600 vagatio.

214 2626 268 2683 Ubi
289 2628 333 2684 ast
354 2629 438 2686 timui·
453 2627 564 2685 Domini
586 2627 622 2685 ad
639 2628 743 2685 atrium
763 2644 843 2684 suum
859 2625 1019 2684 custodian-

213 2823 436 2896 ingrediandum.
461 2824 513 2882 Ubi
536 2824 581 2881 est
602 2824 791 2882 misericordia
819 2823 848 2879 at
876 2821 1019 2891 discretis,

213 2921 250 2979 ibi
272 2939 321 2980 nea
343 2923 526 2996 superfluitas
548 2939 597 2980 nea
619 2922 761 2979 induratio
777 2920 787 2997 (
806 2918 828 3002 )

704 3030 721 3063 ὓ

1125 2806 1129 2861 t
