2284 3425
181 201 219 259 70
497 221 609 262 asenna
631 221 662 262 11.

180 426 253 466 cum
264 410 455 468 misericordia
476 411 630 482 iniungant
643 410 701 468 illis
717 410 935 482 poenitentiam
957 411 980 466 si

181 523 246 566 vero
261 507 419 582 presbyteri
433 524 488 566 non
504 509 705 581 suetoniungi
726 508 833 567 iaciant
847 525 896 580 per
911 507 981 566 alios
1028 579 1031 585 Ι

180 606 339 665 sacerdotes
360 606 476 674 ordinis,
497 606 572 663 sicut
592 607 632 664 eis
653 607 805 666 seeundum
820 606 909 664 Deum
924 623 981 664 rue·

179 704 235 761 line
257 703 397 761 ridebitur
418 704 557 776 expedire.
579 703 617 761 Et
637 717 735 763 cauere
749 704 862 778 debent,
876 705 981 762 neira-

180 802 298 860 soantur
318 802 347 860 et
367 800 573 860 conturbentur
595 802 711 875 propter
731 803 876 874 peccatum
897 803 981 860 aliou-

180 902 233 967 ius,
262 901 328 972 quia
358 901 401 957 ira
429 900 458 956 et
486 891 722 974 conturbatioin
752 918 782 958 se
810 901 838 958 et
866 903 893 958 in
917 901 983 958 aliis

181 998 337 1070 impediunt
358 1000 517 1057 ceritatem.

200 1203 283 1262 VIII.
305 1202 406 1262 -De
428 1202 562 1263 electione
583 1202 722 1281 generalis
742 1202 862 1263 ministri
882 1202 964 1264 huius

260 1300 443 1360 fraternitetis
457 1296 499 1389 'et'
512 1300 547 1361 de
567 1301 690 1379 capitulo
710 1299 898 1362 Pentecosten¹

259 1488 390 1549 Universi
412 1489 516 1547 fratres
530 1507 617 1548 unum
633 1490 667 1548 de
686 1491 824 1549 fratribus
839 1491 922 1548 istius
937 1508 981 1549 re·

180 1587 294 1659 ligionis
313 1587 465 1645 teneantur
483 1582 594 1660 semper
608 1588 712 1647 liabere
725 1589 884 1662 generalem
900 1590 982 1646 mini-

181 1685 272 1742 strum
295 1685 324 1742 et
335 1701 456 1744 servum
475 1685 564 1744 totius
583 1686 775 1768 fraternitatis
789 1686 855 1745 etei
870 1686 982 1745 tenean-

180 1784 229 1840 tur
243 1783 362 1841 firmiter
376 1784 494 1843 obedire.
511 1784 571 1853 Quo
586 1785 743 1854 decedente,
758 1786 857 1844 electio
872 1802 981 1845 succes·

181 1883 254 1939 soris
270 1881 326 1962 'liat
345 1899 363 1939 a
384 1883 523 1940 ministris
538 1884 759 1955 provincialibus
773 1884 802 1942 et
816 1884 982 1943 custodibus

180 1981 207 2036 io
229 1980 354 2052 capitulo
375 1982 561 2053 pentecostes,
583 1983 611 2039 io
634 1999 688 2055 quo
715 1984 903 2055 provinciales
931 1986 982 2041 mi-

181 2078 264 2135 nistri
286 2078 438 2150 teneantur
464 2097 574 2153 semper
599 2081 714 2139 insimul
742 2082 901 2151 convenire,
923 2083 981 2140 ubi-

159 2192 298 2248 ‘cumque
318 2193 336 2233 a
355 2179 481 2250 generali
503 2179 635 2237 ministro
664 2178 749 2236 fuerit
776 2180 980 2239 coustitutum.

180 2273 209 2330 et
229 2273 281 2332 hoo
302 2276 387 2332 semel
409 2278 436 2332 in
459 2275 552 2335 tribus
571 2279 656 2335 annis
677 2279 721 2335 vel
736 2278 771 2335 ad
785 2279 873 2337 alium
888 2281 981 2337 termi-

179 2389 247 2430 num
270 2375 401 2431 maiorem
424 2375 468 2431 rel
491 2376 635 2444 minorem,
649 2377 731 2434 'siout
744 2394 761 2433 a
776 2378 919 2449 praedicto
934 2380 981 2435 mi·

180 2472 272 2530 nistre
293 2472 379 2529 fuerit
398 2473 569 2531 ordinatum.
590 2474 667 2532 Etsi
682 2476 777 2548 aliquo
791 2477 917 2548 tempore
930 2493 982 2548 ap-

181 2572 294 2642 pareret
314 2571 495 2629 universitati
511 2573 706 2636 ministrorum
722 2575 936 2646 provincialium
952 2573 981 2631 et

179 2669 336 2736 custodum,
358 2668 532 2740 praedictum
555 2672 717 2729 ministrum
740 2664 877 2730 norr'esse
906 2672 981 2731 suffi-

178 2767 296 2825 cientem
324 2767 360 2824 ad
388 2768 534 2825 servitium
564 2774 593 2825 et
620 2785 792 2828 communem
826 2771 981 2833 utilitatem¹

180 2864 310 2936 fratrum,
332 2866 484 2923 teneantur
505 2866 640 2938 praedicti
668 2868 781 2935 fratres,
803 2868 904 2940 quibus
925 2869 981 2926 ele-
