2284 3425
328 192 506 243 *snnnmmo
526 167 637 242 enirm
659 191 794 270 mimine.
915 183 972 242 123

426 409 428 414 '
520 403 623 465 Oratio.

252 540 446 613 Omnipotens,
462 542 650 609 sanctissimo,
671 540 809 599 altissime
824 541 853 598 et
867 557 975 598 summo

161 639 258 720 (Deus,
279 656 421 697 summum
442 639 556 708 bonum,
578 639 792 706 omnebonum,
814 639 905 697 totum
928 639 976 697 bo·

172 755 250 807 num,
271 739 319 810 qni
341 738 420 796 soins
441 755 470 796 os
491 738 590 807 bonno,
613 738 665 795 tibi
686 737 836 795 reddamus
863 753 973 798 omnem

170 837 293 904 landem,
309 853 417 895 omnem
439 837 569 910 gloriam,
585 853 694 894 omnem
716 835 849 910 gratiam,
865 853 974 896 omnem

172 933 316 1002 honorem,
337 951 446 994 omnem
475 935 705 1003 benedictionem,
734 938 762 992 et
786 936 879 992 omnin
901 935 975 993 bona

172 1032 223 1090 tibi
246 1033 402 1097 referamus
422 1051 542 1106 semper.
564 1033 664 1092 Amen.

480 1241 667 1251 .-..-.,---.

306 1408 484 1504 ξαίιιὶαῐίο
512 1407 650 1505 ᾒοαὲαε
678 1407 841 1506 Qirqinio

254 1660 314 1717 Ave
334 1659 446 1717 domina
467 1658 577 1727 saneta,
600 1659 697 1732 regina
719 1658 909 1738 sanctissime,
924 1657 975 1715 Dei

170 1760 295 1833 genitrix
317 1759 417 1827 Maria,
438 1776 510 1831 quae
530 1776 560 1815 es
583 1758 670 1831 Virgo
692 1759 840 1831 perpetua,
857 1757 976 1815 eiectae

172 1859 352 1917 sanctissimo
373 1858 460 1915 Patre
477 1857 511 1915 de
524 1857 609 1925 eaelo,
626 1873 710 1930 qnam
724 1857 899 1915 consecravit
913 1873 976 1913 oum

142 1956 352 2016 'manetissimo
367 1954 469 2013 diiecto
491 1954 562 2012 Filio
584 1955 613 2011 et
633 1954 740 2026 Spiritu
762 1953 919 2020 Paraetoto,
947 1954 975 2011 in

172 2071 229 2126 qua
250 2053 305 2112 init
326 2054 355 2111 et
375 2053 420 2110 est
440 2054 531 2111 omnis
552 2052 699 2125 plenitudo
718 2053 829 2125 gratiae
850 2052 878 2109 et
896 2068 977 2110 omne

172 2154 287 2211 bonnm.
315 2152 377 2209 Avo
402 2152 539 2223 palatium
572 2151 641 2222 eins.
669 2151 730 2209 Ave
763 2150 975 2208 tabernaculum

171 2252 242 2311 eius.
257 2250 318 2308 Avo
332 2248 431 2308 domus
449 2250 518 2306 oinS.
535 2248 594 2305 Ave
610 2248 809 2306 vestimentum
825 2250 895 2306 eius.
917 2250 977 2305 Avo

171 2350 278 2409 ancilia
299 2351 368 2408 eins.
391 2349 451 2405 Are
479 2348 570 2405 mater
598 2349 658 2405 eius
674 2345 727 2424 (a),
749 2347 778 2406 et
807 2363 856 2406 vos
881 2364 977 2405 omnes

171 2450 288 2507 sanotae
310 2447 441 2514 virtuter,
463 2464 534 2519 quae
556 2446 749 2519 pergratiam
779 2447 807 2504 et
835 2448 977 2503 ilinrniira-

172 2549 277 2608 tionem
290 2546 391 2603 naneti
412 2546 536 2616 Spiritus
558 2544 739 2602 infundimini
761 2545 789 2601 in
805 2544 888 2603 eorda
910 2544 978 2602 fide·
1034 2563 1036 2570 ·

170 2648 253 2719 lium,
273 2645 307 2702 nt
327 2644 361 2701 de
383 2624 544 2701 infidelibus
565 2629 662 2700 fideles
685 2642 743 2701 Deo
765 2642 877 2701 faciatis
892 2642 947 2721 (t).

472 2826 685 2855 —<0>-
