2284 3425
167 228 225 284 194
313 251 317 256 ·
402 245 567 285 irrisurus
587 243 727 285 celricus.
850 213 870 248 ⁸

166 434 332 492 celanensis
352 435 386 492 do
406 434 435 491 S.
455 435 607 492 Franciseo
629 433 718 492 refert
736 434 847 492 dioens:
871 433 970 490 «Cum

165 533 280 590 litteras
300 533 412 605 aliquas
433 533 617 590 salutationis
629 533 676 589 rel
688 532 888 590 admonitionis
901 548 972 603 gra-

116 630 125 646 '
166 631 208 686 tia
232 630 338 687 faceret
365 630 459 696 scribi,
481 647 536 688 non
565 630 730 702 patiebatur
755 647 789 687 ex
811 629 859 686 liis
882 629 970 686 dolori

76 725 78 728 ’
166 729 292 785 litteram
321 729 445 801 aliquam
470 730 522 786 aut
549 729 700 802 syllabam,
726 729 793 785 lieet
823 727 970 800 superflua

165 843 250 898 saepe
271 827 323 884 aut
342 827 535 900 incompetens
557 828 710 898 poneretur
723 826 809 900 (1)».

247 925 284 982 In
299 926 380 983 initio
394 943 435 982 er.
451 943 497 1000 gr.
510 925 538 982 S.
553 925 722 982 Francisons
734 924 852 984 adhibet
865 923 966 981 rerba:

166 1023 206 1079 F.
227 1023 288 1080 Leo
309 1025 348 1081 F.
370 1025 532 1106 Eronoiseo
554 1026 613 1081 ino.
636 1023 678 1080 Er
699 1024 761 1081 tota
774 1023 897 1094 epistola
909 1023 971 1079 elu-

165 1122 220 1187 cet,
241 1121 316 1193 quod
333 1121 402 1178 haec
415 1121 503 1182 uerba
516 1122 650 1194 erplioari
664 1122 824 1193 noqueunt:
837 1121 894 1178 Fr.
908 1120 972 1178 Leo

166 1215 260 1286 fratri
270 1219 434 1276 Framoeo
449 1223 507 1290 tuo,
519 1235 552 1276 ac
566 1221 591 1276 si
606 1218 642 1276 ir.
653 1219 709 1276 Iseo
723 1219 860 1290 epistolae
871 1219 972 1276 auctor

165 1317 251 1383 esset,
266 1333 321 1389 quo
334 1333 404 1392 casu
417 1319 472 1374 iam
487 1317 618 1374 dixisset:
630 1317 794 1376 Franciseo
804 1315 972 1374 suo.Verba

167 1413 262 1484 potius
277 1431 338 1471 cum
351 1415 415 1471 aliis
425 1415 605 1485 explicantur
615 1431 656 1480 eo,
667 1414 741 1486 quod
751 1414 869 1471 sauctus
879 1413 972 1470 Fran·
996 1411 1000 1416 ’

165 1513 257 1568 cisous
278 1513 411 1569 familiari
426 1513 506 1571 modo
520 1517 606 1570 utens
619 1500 749 1570 mortuil
761 1513 882 1570 formam
896 1513 972 1569 itali·

165 1625 226 1667 cam
235 1631 241 1680 ;
250 1627 304 1682 quo
316 1610 397 1668 modo
408 1612 438 1667 et
447 1611 902 1682 explicarepossumusnumerum
910 1611 973 1681 plu-

167 1709 254 1765 ralem
268 1707 425 1784 (faciatis),
435 1727 490 1782 quo
500 1712 528 1767 S.
541 1710 708 1769 Francisous
719 1709 805 1767 semel
816 1706 971 1784 utiturl2).

248 1808 352 1879 Aliqua
373 1808 544 1881 autographi
559 1808 647 1866 verba
660 1825 716 1867 non
734 1809 804 1865 boue
823 1808 972 1883 leguntur,

167 1904 241 1961 undo
262 1904 404 1962 habentur
424 1906 600 1963 differentiae
620 1907 696 1965 inter
716 1906 851 1963 editiones
859 1905 923 1977 (3).

469 2023 507 2071 Ao
527 2022 587 2072 l‘nu.
607 2021 667 2073 ⁴⁴5.

230 2110 266 2166 (a)
284 2106 378 2155 Wadd.
395 2108 435 2163 fili
451 2109 486 2152 mi
500 2109 582 2163 eleum
600 2108 681 2155 Falooi
697 2110 737 2164 fili
752 2109 800 2153 met
815 2109 890 2154 sicut.

231 2188 265 2246 (t)
284 2186 378 2235 Wadd.
395 2189 418 2233 st
434 2194 541 2261 poeteap
553 2188 634 2234 Falooi
648 2190 673 2235 si
688 2190 802 2248 depost).

232 2376 254 2431 1)
273 2375 291 2420 1.
310 2374 401 2421 Gelu.
421 2376 460 2421 82.

229 2454 254 2510 2)
272 2454 391 2510 Subutier,
409 2455 451 2501 l'ie
468 2456 496 2501 de
513 2454 537 2501 S.
556 2455 669 2516 Fruneois
680 2469 735 2513 pag.
748 2455 801 2502 301.
820 2456 871 2501 not.
886 2454 908 2499 1.
926 2453 973 2499 uli·

167 2536 205 2579 ter
221 2533 325 2592 explieat
341 2533 435 2581 diceus:
452 2534 498 2581 «ce
509 2532 597 2593 pluriel
608 2537 700 2581 moutre
710 2535 763 2581 bien
775 2534 892 2592 questore
908 2534 973 2580 Leon

167 2612 235 2659 nvait
252 2615 318 2673 parle
335 2629 364 2660 uu
381 2616 433 2661 nom
450 2616 512 2663 d'un
529 2630 648 2674 prospe».

230 2694 254 2753 3)
272 2693 427 2753 Wsuoingus
445 2697 492 2755 [ep.
512 2694 586 2752 lll'l.)
604 2698 629 2741 et
645 2694 734 2750 Fuloci,
752 2695 770 2739 l.
788 2709 809 2740 c.
827 2698 847 2739 t.
860 2694 900 2742 ll.
913 2709 971 2753 pag.

168 2776 207 2822 39.
225 2776 348 2835 epistolam
366 2790 395 2823 ex
412 2778 559 2835 autographo
576 2775 709 2821 ediderunt.

453 2901 686 2949 ‘W
