2284 3425
221 195 278 258 112
519 213 656 260 rrrsrotr
676 213 714 260 rr.

220 407 374 467 trudentur
384 408 440 483 (1).
455 408 504 476 Et,
518 426 582 467 oum
599 409 707 467 venerit
720 409 780 466 dies
795 409 903 476 mortis,
917 409 1022 479 omnia,

220 524 294 580 quoe
309 509 458 579 putabunt
471 507 587 579 uouere,
601 505 773 578 auferentur
794 508 830 566 ab
850 508 891 564 er's
903 506 958 580 (2).
973 505 1021 572 nt,
1129 529 1130 606 p

218 606 326 680 quanto
347 608 533 679 sapientiores
553 607 583 665 et
599 608 778 677 potentiores
799 605 906 663 fuerint
926 606 953 661 in
970 604 1021 662 hoc
1129 615 1130 694 p

219 707 340 772 saeculo,
361 706 443 764 tento
457 706 564 764 maiora
581 708 724 763 tormenta
738 705 924 762 sustinebunt
937 705 965 760 in
981 704 1022 760 in·
1129 701 1130 706 ’

219 803 323 876 terno(
347 803 364 878 ).

300 902 379 959 Unde
393 902 513 960 firmiter
526 903 642 961 consuto
658 902 746 969 vobis,
760 902 881 959 dominis
895 901 974 969 troie,
988 899 1022 957 ut

219 1002 294 1058 ornui
314 1017 383 1058 eure
403 1003 432 1059 et
453 1001 641 1059 sollicitudine
663 999 836 1074 posthabitis
854 1001 883 1058 ot
903 1001 1021 1058 sanetis-

219 1100 319 1157 simum
342 1116 444 1172 corpus
459 1101 488 1158 et
501 1099 711 1159 sanctissimum
728 1101 893 1172 sanguinem
909 1100 1022 1158 Domini

219 1199 309 1256 nostri
335 1199 400 1256 Iesu
422 1197 528 1256 Christi
550 1201 578 1256 iu
607 1201 667 1257 eius
695 1200 795 1258 sancta
822 1214 1022 1256 commemora·

219 1297 295 1354 tione
316 1297 435 1370 benigne
456 1299 608 1370 recipietis
630 1299 669 1355 Et
690 1298 804 1354 tanturn
830 1297 961 1370 honorem
990 1297 1020 1352 in

219 1396 323 1467 populo
344 1390 423 1453 vobis
436 1398 583 1457 commisso
601 1397 716 1460 Domino
731 1395 891 1464 conferatis,
908 1396 941 1452 ut
954 1410 1020 1467 qno·

219 1494 289 1552 libet
309 1511 371 1552 sero
392 1495 579 1553 annuntietur
602 1511 650 1567 per
672 1494 802 1553 nuntium
820 1495 863 1552 vel
879 1511 929 1565 per
942 1492 1040 1580 atiud,
1069 1543 1073 1550 .

219 1595 341 1666 siguum,
355 1610 410 1666 quo
431 1594 617 1666 omnipotenti
633 1593 751 1651 Domino
768 1592 823 1650 Deo
838 1583 874 1650 ab
888 1593 1020 1649 universo

220 1692 323 1766 populo
344 1692 442 1750 laudes
462 1693 492 1751 et
514 1692 625 1765 gratiae
654 1690 824 1751 referantur.
846 1691 892 1761 ut,
917 1692 941 1748 si
968 1689 1021 1749 hoo

188 1851 190 1857 ,
219 1807 275 1849 uon
296 1791 427 1859 feceritis
449 1793 546 1849 sciatis
575 1808 624 1850 vos
652 1792 751 1850 debere
779 1808 871 1849 corani
903 1790 1020 1847 Domino

222 1890 277 1948 Deo
299 1890 395 1948 vostro
416 1891 480 1948 Iesu
504 1890 619 1949 Christo
640 1892 666 1947 iu
683 1891 725 1948 dio
741 1890 832 1947 iudicii
849 1889 962 1947 reddere
977 1904 1020 1946 ru·

219 1989 331 2047 tionem.
355 1989 415 2048 Hoo
437 1991 574 2062 scripturn
597 1991 644 2062 qui
666 1988 744 2061 apud
763 2006 791 2045 se
807 1987 977 2046 retinuerint
991 1988 1020 2057 et

152 2073 157 2083 ⁵
219 2088 432 2146 observaverint
449 2087 530 2145 'iilud
556 2105 574 2145 a
598 2088 716 2146 Domino
746 2088 802 2145 Deo
831 2104 859 2144 se
888 2085 1020 2146 noverint

219 2186 387 2245 benedictos

283 2417 306 2476 1)
322 2416 406 2461 Ezeeh.
424 2416 463 2470 33,
482 2416 519 2463 13.
551 2418 557 2430 “

280 2498 304 2553 21
323 2498 378 2541 Luc.
397 2495 420 2553 8,
441 2496 477 2542 18.
