2284 3425
479 235 569 277 cisun
592 235 623 278 n.
914 217 952 274 65

154 425 238 483 nistri
259 424 392 482 mittendi
419 441 466 482 eos
494 424 530 481 ad
557 424 669 496 aliquos
695 423 784 480 Deum
814 422 956 491 timentes,

153 539 272 595 quornm
293 523 410 580 coneilio
431 521 505 581 bone
525 538 578 579 sua
600 521 772 594 pauperibus
792 521 955 593 erogentur.
1016 521 1018 526 ’

154 621 256 684 Postea
276 620 431 680 concedant
450 622 491 678 eis
513 636 623 692 pannos
651 619 835 692 probationis
858 619 956 676 videli-
982 632 986 642 ·

153 720 199 778 oet
211 721 283 778 duas
300 720 412 778 tunicas
426 721 486 777 sine
500 717 614 791 caputio
629 719 658 776 et
672 719 815 790 cingulum
832 720 860 775 et
876 717 955 775 brao-

152 835 202 876 eas
221 819 250 876 et
270 834 437 891 caperonem
460 834 548 890 usque
562 816 599 874 ad
613 817 767 889 cingulum,
782 817 836 874 nisi
851 816 954 874 eisdem

152 917 293 974 ministris
312 915 390 974 aliud
411 916 564 974 seeundum
586 915 677 972 Deum
697 914 850 987 aliquando
865 913 956 972 videa·
1033 910 1035 913 ’

153 1016 212 1072 tur.
228 1016 327 1074 *Finito
348 1031 414 1073 nero
435 1031 509 1072 anno
532 1013 716 1086 probationis,
732 1014 906 1086 recipiantur
919 1013 955 1070 ad

151 1114 338 1172 obedientiam
359 1113 560 1186 promittentes
581 1113 669 1168 vitam
691 1112 775 1168 istam
798 1128 909 1183 semper
927 1112 957 1169 et

152 1213 280 1286 reguiam
302 1212 461 1270 observare.
484 1210 522 1267 Et
542 1211 622 1269 uuiio
644 1209 724 1268 modo
745 1209 842 1267 licebit
863 1211 903 1267 eis
922 1210 955 1267 de

151 1311 209 1368 ista
230 1310 365 1383 reiigione
385 1311 461 1366 exire
482 1310 560 1365 iuxta
584 1307 747 1365 mandatum
774 1306 878 1365 domiui
905 1324 954 1380 pa-

152 1425 207 1481 pao
217 1407 279 1483 (1);
300 1409 366 1482 quia
387 1400 539 1465 seeundum
561 1406 692 1464 sanctum
711 1404 954 1482 Evangelium(2)

151 1523 234 1564 nemo
255 1507 372 1563 mittens
392 1522 514 1564 monum
534 1521 620 1562 suam
634 1505 675 1562 od
688 1508 825 1562 aratrum
839 1507 866 1561 et
880 1505 956 1576 ospi-

150 1606 230 1663 otens
241 1607 419 1677 retrooptus
430 1606 571 1676 ostroque
584 1603 649 1662 Dei.
665 1601 703 1658 Et
713 1603 755 1660 ilii
767 1603 815 1675 qui
827 1603 882 1660 iam
896 1619 955 1674 pro·

152 1703 293 1762 miserunt
306 1702 494 1762 obedientiam
507 1701 633 1760 habeant
647 1718 731 1759 unam
749 1700 872 1784 tunioem
893 1718 954 1759 cum

150 1803 268 1876 caputio
277 1804 307 1861 et
321 1802 407 1859 eiiam
422 1802 482 1859 sine
496 1801 610 1873 caputio
624 1801 671 1873 qui
687 1800 829 1858 voluerint
843 1799 956 1857 habere.

151 1902 191 1959 Et
205 1904 253 1974 qui
268 1899 436 1959 neoessitats
450 1901 592 1973 eoguntur
606 1899 718 1971 possint
729 1900 843 1971 portare
854 1899 955 1956 catcea-

152 2000 259 2057 menta.
281 1999 320 2056 Et
339 1999 445 2057 fratres
466 2014 562 2057 omnes
584 1997 761 2055 vestimentis
785 1997 887 2054 vitibus
913 1999 956 2053 iu·

151 2098 281 2179 duantur
301 2098 330 2155 et
352 2098 463 2170 possint
483 2115 516 2156 ea
537 2097 678 2169 repeciar'e
698 2095 731 2152 de
747 2096 835 2154 saonis
850 2096 878 2152 et
892 2096 956 2153 aliis

152 2198 238 2270 peoiis
252 2214 315 2254 oum
330 2196 520 2254 benedictione
536 2196 597 2253 Dei.
615 2194 690 2264 Quos
705 2210 803 2254 moneo
817 2195 846 2251 ot
859 2193 956 2252 exhor·

152 2297 208 2364 tor,
230 2313 265 2353 ne
286 2296 443 2367 despiciant
464 2311 553 2367 noque
579 2294 703 2352 iudicent
727 2293 864 2361 homines,
886 2309 956 2366 quos

152 2393 251 2451 vident
271 2392 404 2452 moiiibns
425 2392 603 2449 vestimentis
623 2396 652 2448 et
677 2391 811 2449 eoloratis
833 2391 955 2458 indutos,

152 2493 195 2550 uti
216 2491 287 2550 oibis
307 2492 336 2548 et
352 2489 465 2563 potibus
479 2490 617 2559 delicatis,
633 2489 680 2547 sed
699 2490 790 2562 magis
804 2490 957 2562 unusquis-

151 2606 206 2663 que
228 2588 332 2647 iudioet
353 2588 382 2646 et
402 2588 541 2659 despiciat
562 2588 757 2659 semetipsum.

151 2733 313 2741 ———-

119 2801 549 2879 'mmmmmu

214 2899 414 2959 umam
