2284 3425
408 261 498 304 crrnr
519 259 601 303 xxm.
648 295 651 300 r
870 244 909 305 59

105 453 164 512 ritu
185 456 285 512 sarrcto
306 454 454 513 Paracletc
475 455 587 526 gratias
607 453 752 526 agat—tibi,
768 454 910 512 sicuttibi

104 553 135 610 et
156 553 226 625 ipsis
247 552 350 625 placet,
373 569 424 627 pro
443 546 586 620 omnibus
600 553 649 625 qni
663 551 714 610 tihi
730 569 840 624 semper
856 551 913 611 sni·

104 648 222 717 ficitad
243 652 347 719 emnia,
370 664 521 725 perquem
544 649 626 708 nohis
648 637 731 708 tanta
747 649 849 708 iecisti.
864 651 913 708 Al-

104 749 207 807 leluia.·
219 749 259 816 Et
278 751 431 823 gloriosam
447 751 573 807 matrem
583 748 775 808 beatissimam
791 733 911 806 Mariam

103 865 216 920 semper
237 848 394 921 Virginem,
415 847 726 914 heatumMiehaelem,
742 845 917 916 Gabrielem,

16 976 17 981 κ
104 942 280 1018 Raphaelem
302 946 331 1004 et
351 963 448 1004 ornnes
468 946 569 1004 choros
584 945 730 1005 beatorum
747 935 910 1024 spirituum,

104 1043 259 1116 seraphim,
295 1042 438 1103 cherubim
473 1045 501 1100 et
535 1035 714 1112 thronorum,
746 1043 911 1101 dominatio·

16 1196 17 1211 ,
103 1143 183 1214 nuni,
205 1142 418 1214 principatuum
440 1142 469 1199 et
490 1141 685 1242 potestatam3
699 1142 849 1210 uirtutum,
864 1158 912 1198 au·

16 1264 17 1275 ¹
104 1241 245 1312 galerum,
268 1239 514 1313 archangelorum,
529 1240 562 1298 B.
586 1241 722 1298 Ioannem
736 1239 911 1313 Baptistam,

16 1402 17 1405 Ἴ
102 1339 241 1397 Ioannem
263 1335 628 1411 evangelistam,JPetrum,
651 1337 773 1395 Paulum
800 1338 829 1396 et
850 1338 911 1396 bea·

101 1438 149 1496 to‘s
164 1433 354 1510 patriarchas,
370 1434 535 1509 prophetas,
552 1436 734 1504 Innocentes,
755 1437 911 1509 apostolae,

101 1536 312 1608 evangelistas,
342 1531 506 1608 discipulae,
541 1533 692 1609 martyres,
727 1535 918 1604 confessores,

102 1637 241 1708 uirgines,
263 1627 362 1693 heatus
383 1634 474 1692 Ellam
497 1635 526 1690 et
546 1628 696 1692 Euoch'et
723 1643 821 1692 omnes
849 1629 913 1692 sanss

100 1737 174 1803 ctos,
196 1736 244 1807 qui
263 1732 383 1812 suerunt
403 1737 432 1791 et
452 1725 538 1791 erurrt
558 1734 588 1791 et
603 1735 680 1802 sunt,
697 1734 813 1806 propter
828 1733 910 1791 tuum

99 1850 228 1893 amorem
249 1832 397 1891 humiliter
416 1832 609 1904 deprecamur,
631 1832 673 1899 ut,
696 1832 769 1889 sicut
785 1826 841 1889 tibi
853 1834 910 1904 pla·

100 1932 156 2001 cet,
173 1947 226 2004 pro
244 1930 356 1989 histibi
371 1932 482 2004 gratias
496 1930 623 2001 referant
638 1928 747 1988 summo
762 1940 827 1987 uero
844 1912 909 1995 Deo,

98 2032 220 2089 aeterno
240 2031 276 2086 et.
291 2031 364 2097 vivo,
385 2045 448 2085 cum
471 2024 544 2086 Filio
557 2028 613 2086 tuo
628 2029 774 2108 carissimo
789 2027 910 2084 Domino

16 2183 17 2216 3
100 2129 205 2188 nestro
226 2128 292 2185 Iesu
308 2126 424 2185 Christo
438 2127 467 2183 et
480 2126 589 2198 Spiritu
605 2120 703 2183 sancto
718 2124 867 2183 Paracleto
882 2127 909 2182 in

16 2231 17 2238 ’
100 2226 218 2285 saecula
233 2227 426 2285 saeculorum.
448 2225 549 2282 Amen.
570 2224 704 2283 Alleluia.

185 2324 228 2381 Et'
245 2324 365 2383 Domino
388 2323 445 2381 Deo
466 2324 615 2380 universos
629 2322 707 2378 intra
719 2314 845 2379 sanctam
862 2316 911 2378 Ec·
929 2381 933 2389 ,

100 2424 219 2480 clesiam
240 2422 408 2481 catholicam
429 2420 458 2478 et
478 2421 663 2493 apostolicam
686 2414 798 2477 servire
818 2420 911 2477 volen-

102 2519 147 2579 t'es
168 2522 205 2579 et·
217 2537 315 2579 omnes
329 2520 533 2577 ecclesiasticos
545 2516 589 2595 (a)
605 2518 726 2586 ordines,
742 2517 911 2587 sacerdotes,

101 2622 246 2688 diacones,
268 2619 463 2690 subdiaconos,
478 2616 635 2690 acolythos
649 2616 813 2685 exorcistas
828 2616 912 2673 lecto·

101 2736 157 2786 res,
180 2718 314 2777 ostiarios
335 2717 364 2774 et
384 2733 481 2774 omnes
499 2716 624 2783 clericos,
639 2716 787 2773 uniuersos
801 2714 913 2785 religio-

101 2834 149 2875 sos
159 2817 190 2875 et
201 2818 352 2875 universas
364 2816 511 2887 religiosas
520 2812 574 2889 (h),
585 2829 682 2871 omnes
695 2828 796 2885 pueros
807 2812 836 2873 et
848 2828 909 2884 par·

104 2918 198 2984 eules,
221 2926 360 2989 pauperes
381 2914 410 2970 et
430 2926 542 2984 egenos,
564 2928 644 2984 reges
660 2912 688 2967 et
704 2912 854 2983 principes,
869 2910 911 2965 la-
