2284 3425
204 210 243 267 30
419 235 422 241 ’
510 229 622 271 noenta
643 230 662 273 r.

172 478 174 481 ,
204 414 232 473 et
254 418 337 483 servi,
353 417 426 489 qnod
441 418 509 475 dicit
524 418 737 495 Dominus·(1);
754 421 825 479 Non
839 421 903 477 veni
922 421 1007 478 mini·

202 516 305 583 strari,
326 516 377 573 sed
396 517 584 586 ministrarc;
604 518 634 575 et
654 518 727 589 quod
749 520 897 576 commissa
911 520 957 576 est
970 520 1009 575 eis

202 629 270 670 eura
298 614 455 671 animarum
485 614 617 684 fratrum,
649 616 682 673 de
714 615 825 689 quibus,
854 618 877 674 si
906 617 1008 689 aliquis

203 711 367 782 perderetur
383 713 499 785 propter
514 730 609 771 corum
623 715 735 787 culpam
751 716 780 773 et
795 716 898 772 malum
917 732 1007 773 exem-

204 810 291 881 plum,
313 812 341 867 in
363 808 406 868 die
428 811 520 869 indicii
543 812 685 884 oportebit
712 830 759 872 eos
786 813 899 871 reddere
920 813 1016 871 ratio-¹

202 926 265 966 nem
287 925 379 967 coram
404 909 521 969 Domino
543 910 609 968 Iesu
632 911 754 969 Christo.

211 1112 244 1169 V.
267 1143 306 1155 -
327 1109 368 1169 De
390 1109 557 1170 correctione
570 1108 696 1170 ‘fratrum
716 1109 746 1168 in
767 1079 951 1187 offensione(
973 1111 994 1188 ).

282 1300 403 1373 Ideoque
424 1301 534 1357 animas
557 1301 668 1358 vestras
690 1300 719 1357 ct
747 1299 868 1358 fratrum
898 1300 1008 1358 vestro-

203 1415 264 1455 rum
286 1398 443 1469 custodiie3
465 1400 530 1472 quia
551 1397 731 1456 horrendam
759 1402 801 1457 cst
829 1398 1007 1480 incideretis

200 1514 307 1555 monus
322 1497 379 1555 Dei
389 1498 509 1555 viventis
518 1496 572 1571 (2).
585 1498 613 1555 Si
627 1498 691 1570 quis
703 1497 797 1555 autem
810 1497 1005 1556 ministrorum

201 1596 284 1653 alicui
307 1594 428 1655 fratrum
444 1596 550 1669 aliquid
564 1596 665 1653 contra
679 1596 769 1653 vitam
784 1597 912 1653 nostram
928 1612 1006 1668 prae·

200 1695 311 1771 ceperit¹
328 1695 371 1752 vel
393 1695 492 1753 eontra
513 1695 636 1752 animam
658 1712 749 1768 suain,
771 1693 860 1752 frater
887 1709 943 1753 non
958 1694 1008 1753 tc·

201 1795 303 1852 nentur
323 1796 347 1851 ei
369 1794 496 1863 obedire;
518 1795 585 1866 qnia
606 1795 656 1851 illa
684 1794 842 1852 obediontia
869 1810 923 1852 non
952 1795 1006 1861 est,

200 1894 228 1950 in
250 1909 306 1965 qna
327 1892 458 1950 delictum
481 1893 526 1948 vel
555 1893 698 1964 peccatum
727 1893 924 1950 committitur.
952 1893 1007 1950 Vc·

177 2001 178 2006 ’
200 1991 359 2049 rumtamen
382 2007 478 2049 omnes
499 1989 614 2060 fratres,
636 1993 683 2064 qni
705 1995 774 2049 sunt
795 1991 1006 2049 subministris

200 2090 228 2147 et
247 2091 345 2159 servis,
361 2089 436 2148 facta
451 2091 645 2149 ministrorum
657 2091 699 2167 (d)
714 2091 744 2148 et
758 2107 904 2148 servorum
918 2091 1005 2148 consi-

199 2188 299 2246 derent
320 2189 528 2248 rationabiliter
550 2191 579 2248 et
600 2189 761 2262 diligenter.
777 2188 815 2245 Et
834 2190 857 2246 si
873 2189 1004 2257 viderint,

199 2288 322 2360 aliquem
350 2289 462 2347 illorum
491 2289 646 2348 carnaliter
673 2286 703 2345 et
731 2303 785 2345 non
815 2287 1005 2360 spiritualiter

196 2385 345 2444 anibulare
367 2403 417 2459 pro
438 2387 607 2445 rectitudine
629 2387 704 2444 ritae
725 2385 849 2453 nostrae,-
872 2386 937 2457 post
950 2385 1005 2443 ter·

198 2486 268 2542 tiam
290 2486 518 2554 admonitionem,
539 2487 563 2543 si
585 2502 640 2544 non
657 2502 686 2547 se
701 2485 902 2552 emendaverit,
918 2486 946 2542 in
961 2501 1004 2542 ca·

199 2584 290 2656 pitulo
305 2584 485 2643 Pentecostes
495 2585 676 2642 renuntietur
688 2583 818 2642 ministro
829 2585 858 2641 et
872 2599 953 2641 servo
964 2582 1004 2642 to·
1069 2609 1073 2615 ·

142 2688 143 2691 ’
198 2682 256 2756 tius
271 2682 471 2752 fraternitatis,
485 2683 566 2740 nulla
585 2683 806 2741 contradictione
826 2682 1003 2756 impediente.

263 2897 285 2952 1)
306 2896 392 2944 meren.
411 2895 449 2952 eo,
465 2895 506 2943 ae.
769 2897 795 2955 e)
812 2897 885 2943 neor.
906 2896 943 2954 ro,
961 2896 1002 2942 ar.

1132 1681 1134 1761 l

1128 1768 1134 1867 l

1132 2162 1134 2170 r
