2284 3425
216 221 256 278 60
537 236 690 280 nunonem.

215 425 370 495 torostoros,
397 426 548 499 agricolas,
578 441 675 484 servos
703 427 731 482 et
758 425 893 492 dominos,
920 441 1018 484 omnes

214 525 348 596 virgines,
370 522 546 582 continentes
567 524 597 582 et
617 523 778 592 maritatas,
796 523 892 597 laicos,
906 539 1017 582 mason-

213 623 257 680 los
277 623 307 679 et
327 621 456 690 feminas,
477 639 574 680 omnes
596 621 730 690 infantes,
751 622 952 688 adolescentes
973 623 1018 679 iu-

214 738 298 778 renes
319 721 349 778 et
369 738 460 789 senne,
476 737 562 780 sauros
581 721 610 778 et
632 721 769 794 infirmos„
784 737 882 779 omnes
897 720 1017 794 pusillos

135 855 138 860 -
213 820 242 876 et
263 835 381 891 magnos
406 820 436 876 ot
460 836 558 877 omnes
587 819 714 892 populos,
736 819 845 892 gentes
866 819 960 876 tribus
986 820 1018 876 et

212 918 336 989 linguas,
358 931 454 976 omues
472 918 605 988 nationes
626 919 655 976 et
676 935 772 977 omnes
799 917 927 976 homines
953 917 1018 974 ubi-

213 1033 267 1088 que
287 1016 440 1084 terrarum,
462 1017 508 1089 qui
531 1017 600 1074 sunt
627 1016 656 1074 et
682 1015 776 1085 erunt,
797 1015 944 1074 humiliter
969 1032 1016 1075 ro·

212 1131 315 1187 gamus
335 1116 365 1171 et
386 1117 582 1188 supplicamus
603 1132 655 1174 uos
676 1131 772 1173 omnes
793 1114 898 1173 fratres
926 1115 1018 1174 mino-

213 1231 267 1281 res,
289 1215 363 1271 servi
384 1213 511 1282 mutilen,
531 1214 564 1271 nt
585 1231 682 1272 omnes
703 1215 732 1272 in
754 1230 821 1272 vera
842 1212 896 1272 fide
910 1213 940 1270 et
954 1230 1017 1286 poe·

211 1313 333 1370 nitentia
354 1329 575 1384 perseveremus,
598 1314 663 1385 quia
684 1313 768 1370 aliter
789 1313 886 1370 nntius
908 1313 1015 1370 salvari

213 1411 318 1482 potest.
338 1409 442 1468 Omnes
462 1411 616 1484 diligamns
636 1428 671 1469 eoo
692 1413 752 1468 toto
777 1411 872 1479 eorde,
893 1426 927 1468 eoo
953 1412 1017 1468 teta

212 1510 324 1583 auimo,
345 1526 379 1567 ex
401 1513 463 1568 lota
482 1513 585 1582 mente,
607 1527 640 1568 eo
662 1513 723 1568 lota
747 1511 853 1568 virtute
880 1510 909 1566 et
928 1506 1019 1578 forti-

213 1609 323 1680 tudine,
338 1593 372 1665 eso
393 1611 450 1666 loto
465 1607 621 1666 intellectu·
634 1609 663 1666 et
683 1609 817 1667 omnibus
837 1608 949 1666 viribus
959 1605 1016 1681 (1),

212 1705 273 1765 toto
293 1707 368 1775 nisu,
389 1707 450 1765 toto
470 1705 583 1773 affectu,
606 1707 675 1766 totis
697 1707 859 1774 visceribus,
881 1706 950 1766 totis
970 1706 1016 1764 de-

213 1806 323 1864 sideriis
338 1807 366 1863 et
382 1805 578 1864 voluntatibus
589 1806 740 1865 Dominum
752 1806 852 1878 Deum,
863 1806 910 1879 qui
921 1805 1016 1864 totum

212 1921 328 1977 corpus·
346 1903 435 1961 totam
458 1905 582 1981 animem
605 1903 743 1963 ettotam
772 1904 861 1962 ritum
881 1904 958 1962 dedit
986 1904 1017 1960 et

212 2002 263 2061 dat
283 2002 413 2065 omnibus
435 2002 525 2071 uobis,
546 2004 594 2075 qui
616 2019 667 2061 nos
689 2004 797 2061 creavit
811 2002 839 2061 et
854 2001 973 2060 redemit
986 2002 1017 2059 ot

212 2102 273 2160 sola
287 2118 339 2159 sua
350 2101 540 2159 misericordie
551 2098 739 2177 selrebitm),
751 2102 798 2173 qni
810 2100 890 2159 nobis
901 2101 1017 2159 misera·
1097 2140 1100 2146 -

212 2198 317 2256 bilibus
331 2199 360 2257 et
374 2200 495 2267 miseris,
517 2200 640 2271 putridis
662 2200 690 2257 et
711 2199 832 2269 foetidis,
848 2199 971 2273 ingratis
986 2200 1016 2257 et

212 2297 295 2354 malis
316 2298 410 2355 omnia
430 2298 504 2357 bona
525 2297 591 2356 fooit
611 2298 640 2355 et
661 2298 738 2355 facit.

293 2394 372 2452 Nihil
393 2413 460 2468 ergo
480 2396 558 2453 aliud
579 2396 777 2466 desideremus,
793 2396 864 2454 nihil
878 2396 955 2454 aliud
971 2414 1014 2454 ve-

212 2494 306 2558 limus,
331 2493 403 2552 nihil
430 2495 507 2552 eliud
536 2495 648 2566 placeat
675 2496 703 2553 et
731 2495 851 2554 dolootet
878 2512 930 2554 nos
958 2496 1013 2553 nisi

213 2590 330 2648 Creator
356 2592 385 2647 et
405 2591 576 2664 Redemptor
604 2593 633 2651 et
654 2592 786 2658 Salvator
807 2593 912 2661 noster,
935 2592 1014 2651 solus

213 2706 298 2747 verus
317 2688 404 2758 Dens,
418 2691 466 2762 qui
481 2690 525 2747 est
539 2692 655 2763 plenum
674 2692 787 2763 bonum,
803 2709 883 2751 omno
898 2691 1014 2765 bonnm,

278 2903 300 2960 l)
318 2903 387 2949 Dent,
405 2903 429 2961 6,
446 2903 473 2958 5;
492 2903 565 2958 Mero.
584 2902 623 2977 12,
642 2904 679 2951 30.
698 2908 722 2951 et
739 2906 782 2961 83;
800 2906 857 2953 Luc.
877 2906 915 2965 10,
932 2906 973 2955 27.
