2284 3425
239 174 297 235 144
425 191 559 237 ounmnn
580 191 723 238 iussione
743 191 854 238 nomm.

318 382 474 456 Repleetur
489 401 520 444 os
536 401 627 442 meum
641 385 734 453 teudo,
750 386 784 442 ut
796 387 906 444 cautem
919 386 1041 459 gloriam
1124 369 1126 407 3

237 465 332 540 tuam:
356 483 416 540 tote
438 483 481 541 die
503 483 729 557 magnitudinem
750 486 840 542 tuem.

317 579 426 640 Exaudi
442 599 494 649 me,
511 582 638 654 Domine,
651 585 784 656 quoniam
798 583 920 656 benigne
933 584 980 641 ost
995 585 1041 640 mi·
1124 596 1125 601 ’

238 679 389 750 seriooodia
410 681 476 738 tua:
492 679 645 739 secuudum
660 681 870 740 multitudinem
886 683 1042 741 miseratio·
1124 682 1126 761 ss

237 795 305 836 num
319 763 442 837 ¹tuorum
464 781 570 853 respice
592 782 621 838 in
644 798 695 838 me.

317 877 356 934 Et
376 894 411 936 ne
439 880 555 936 avertas
583 879 682 937 faeiem
710 880 790 938 tuem
818 897 835 936 a
864 897 951 952 puero
975 882 1041 938 tuo:
1124 892 1125 929 i

237 977 369 1048 quoniam
391 977 523 1043 tribulor,
545 979 680 1036 uelociter
699 977 798 1036 exaudi
821 995 877 1035 me.-

311 1075 487 1134 Benediotus
508 1077 646 1135 Dominus
660 1077 737 1134 Deus
757 1093 846 1144 mene,
861 1079 927 1150 quie
948 1076 1043 1135 taetus

237 1174 282 1230 est
303 1175 450 1247 susceptor
465 1192 558 1232 meus:
581 1177 610 1232 et
626 1175 763 1248 refugium
781 1193 872 1234 meum
886 1177 914 1233 in
929 1176 973 1233 dio
987 1175 1042 1233 tri·

238 1272 392 1332 bulationis
413 1290 499 1361 meae.

318 1372 440 1429 Adiutor
461 1389 549 1442 mous,
572 1372 623 1430 tibi
645 1365 777 1446 penitem,
800 1351 866 1446 q⁸uie
888 1372 963 1430 Deus
981 1389 1043 1430 sus·

238 1470 334 1543 ceptor
356 1487 448 1529 mens:
473 1472 548 1531 Deus
570 1489 656 1539 meus,
679 1471 867 1531 misericordia
889 1488 959 1528 mea.

524 1655 570 1717 Ad
591 1655 751 1736 vesperem.

317 1792 389 1849 Aoi.
412 1794 514 1851 Sancta
537 1794 638 1851 Maria.

316 1910 467 1968 Psalmus.
490 1908 593 1968 Omnes
607 1911 706 1982 gentos
720 1914 753 1966 ot
766 1928 861 1984 sopra
874 1928 946 1983 pop.
970 1914 1043 1969 1352

610 2061 662 2119 IV.

309 2195 437 2260 incipiuni
451 2195 491 2246 aiii
507 2196 609 2259 psalmi,
623 2210 691 2262 oinos
704 2181 821 2247 similiter
833 2196 965 2248 ordinavit
979 2196 1042 2249 beo-

238 2284 353 2336 tissimus
368 2290 441 2349 peter
455 2292 542 2337 noster
556 2285 777 2350 F1·ouoiscns‚qui
791 2285 895 2337 dicendi
908 2294 970 2338 sunt
982 2287 1043 2339 ioco

237 2373 1041 2438 psalmorumsuprudictooumpassionisDomiuiebAdvoutu
1124 2396 1126 2438 i

237 2463 339 2515 Domini
360 2465 495 2530 usquead
517 2463 632 2527 vigiliam
653 2462 799 2515 Nativitotis
818 2471 842 2516 et
861 2479 914 2517 nou
935 2466 1004 2530 pins.

486 2604 532 2664 Ad
554 2604 779 2682 Oompletorium.

314 2730 383 2790 Aoi.
406 2733 510 2790 Sancte
531 2734 631 2791 Maria.

314 2848 1040 2925 Psaimus.Usquequosioutitubetooiopsotterio.
1111 2869 1126 2913 a

1124 2889 1126 2933 i
