<?xml version="1.0" encoding="UTF-8"?>
<!DOCTYPE html PUBLIC "-//W3C//DTD XHTML 1.0 Transitional//EN"
    "http://www.w3.org/TR/xhtml1/DTD/xhtml1-transitional.dtd">
<html xmlns="http://www.w3.org/1999/xhtml" xml:lang="en" lang="en">
 <head>
  <title>
</title>
<meta http-equiv="Content-Type" content="text/html;charset=utf-8" />
  <meta name='ocr-system' content='tesseract 3.04.00' />
  <meta name='ocr-capabilities' content='ocr_page ocr_carea ocr_par ocr_line ocrx_word'/>
</head>
<body>
  <div class='ocr_page' id='page_1' title='image "bibliothecafran01romgoog_0131.png"; bbox 0 0 2284 3425; ppageno 0'>
   <div class='ocr_carea' id='block_1_1' title="bbox 419 202 920 263">
    <p class='ocr_par' dir='ltr' id='par_1_1' title="bbox 419 202 920 263">
     <span class='ocr_line' id='line_1_1' title="bbox 419 202 920 263; baseline 0 -3"><span class='ocrx_word' id='word_1_1' title='bbox 419 211 553 260; x_wconf 79' lang='lat' dir='ltr'>urusromt</span> <span class='ocrx_word' id='word_1_2' title='bbox 577 219 617 263; x_wconf 87' lang='grc' dir='ltr'>ιιι.</span> <span class='ocrx_word' id='word_1_3' title='bbox 863 202 920 261; x_wconf 78' lang='lat' dir='ltr'>ion</span> 
     </span>
    </p>
   </div>
   <div class='ocr_carea' id='block_1_2' title="bbox 89 383 935 2455">
    <p class='ocr_par' dir='ltr' id='par_1_2' title="bbox 89 383 935 2455">
     <span class='ocr_line' id='line_1_2' title="bbox 116 383 921 480; baseline 0.002 -16"><span class='ocrx_word' id='word_1_4' title='bbox 116 383 203 474; x_wconf 66' lang='lat' dir='ltr'>seara,</span> <span class='ocrx_word' id='word_1_5' title='bbox 223 408 249 464; x_wconf 91' lang='lat' dir='ltr'>si</span> <span class='ocrx_word' id='word_1_6' title='bbox 270 407 367 480; x_wconf 80' lang='lat' dir='ltr'>diligis</span> <span class='ocrx_word' id='word_1_7' title='bbox 383 408 531 467; x_wconf 87' lang='lat' dir='ltr'>Dominum</span> <span class='ocrx_word' id='word_1_8' title='bbox 553 409 583 467; x_wconf 92' lang='lat' dir='ltr'>et</span> <span class='ocrx_word' id='word_1_9' title='bbox 604 427 646 468; x_wconf 90' lang='lat' dir='ltr'>me</span> <span class='ocrx_word' id='word_1_10' title='bbox 662 426 773 468; x_wconf 84' lang='lat' dir='ltr'>servum</span> <span class='ocrx_word' id='word_1_11' title='bbox 790 426 871 466; x_wconf 86' lang='lat' dir='ltr'>suurn</span> <span class='ocrx_word' id='word_1_12' title='bbox 893 410 921 467; x_wconf 90' lang='lat' dir='ltr'>et</span> 
     </span>
     <span class='ocr_line' id='line_1_3' title="bbox 116 505 921 586; baseline 0.001 -23"><span class='ocrx_word' id='word_1_13' title='bbox 116 505 208 575; x_wconf 84' lang='lat' dir='ltr'>tuam,</span> <span class='ocrx_word' id='word_1_14' title='bbox 231 507 255 564; x_wconf 88' lang='lat' dir='ltr'>si</span> <span class='ocrx_word' id='word_1_15' title='bbox 277 506 376 566; x_wconf 86' lang='lat' dir='ltr'>feceris</span> <span class='ocrx_word' id='word_1_16' title='bbox 401 507 487 576; x_wconf 91' lang='lat' dir='ltr'>istud,</span> <span class='ocrx_word' id='word_1_17' title='bbox 508 509 615 568; x_wconf 86' lang='lat' dir='ltr'>seilicet</span> <span class='ocrx_word' id='word_1_18' title='bbox 631 509 675 586; x_wconf 83' lang='lat' dir='ltr'>(a)</span> <span class='ocrx_word' id='word_1_19' title='bbox 690 507 770 582; x_wconf 86' lang='lat' dir='ltr'>¹quod</span> <span class='ocrx_word' id='word_1_20' title='bbox 799 524 854 566; x_wconf 93' lang='lat' dir='ltr'>non</span> <span class='ocrx_word' id='word_1_21' title='bbox 883 507 921 565; x_wconf 88' lang='lat' dir='ltr'>sit</span> 
     </span>
     <span class='ocr_line' id='line_1_4' title="bbox 115 604 920 680; baseline 0.002 -19"><span class='ocrx_word' id='word_1_22' title='bbox 115 604 220 677; x_wconf 87' lang='lat' dir='ltr'>aliquis</span> <span class='ocrx_word' id='word_1_23' title='bbox 235 605 326 664; x_wconf 85' lang='lat' dir='ltr'>frater</span> <span class='ocrx_word' id='word_1_24' title='bbox 344 607 372 663; x_wconf 88' lang='lat' dir='ltr'>in</span> <span class='ocrx_word' id='word_1_25' title='bbox 393 606 568 680; x_wconf 72' lang='lat' dir='ltr'>mundaum</span> <span class='ocrx_word' id='word_1_26' title='bbox 592 606 757 680; x_wconf 84' lang='lat' dir='ltr'>peccaverit,</span> <span class='ocrx_word' id='word_1_27' title='bbox 772 607 920 680; x_wconf 88' lang='lat' dir='ltr'>quantum·</span> 
     </span>
     <span class='ocr_line' id='line_1_5' title="bbox 115 704 921 779; baseline 0.001 -19"><span class='ocrx_word' id='word_1_28' title='bbox 115 719 235 776; x_wconf 86' lang='lat' dir='ltr'>cumque</span> <span class='ocrx_word' id='word_1_29' title='bbox 252 704 382 776; x_wconf 60' lang='lat' dir='ltr'>&gt;potuerit</span> <span class='ocrx_word' id='word_1_30' title='bbox 403 721 525 777; x_wconf 87' lang='lat' dir='ltr'>peccare,</span> <span class='ocrx_word' id='word_1_31' title='bbox 548 705 630 779; x_wconf 86' lang='lat' dir='ltr'>quod,</span> <span class='ocrx_word' id='word_1_32' title='bbox 654 705 803 778; x_wconf 75' lang='lat' dir='ltr'><strong>postquam</strong></span> <span class='ocrx_word' id='word_1_33' title='bbox 819 704 921 762; x_wconf 84' lang='lat' dir='ltr'>viderit</span> 
     </span>
     <span class='ocr_line' id='line_1_6' title="bbox 115 801 920 876; baseline 0 -16"><span class='ocrx_word' id='word_1_34' title='bbox 115 801 213 860; x_wconf 88' lang='lat' dir='ltr'>oeulos</span> <span class='ocrx_word' id='word_1_35' title='bbox 231 802 305 872; x_wconf 89' lang='lat' dir='ltr'>tuos,</span> <span class='ocrx_word' id='word_1_36' title='bbox 328 820 452 876; x_wconf 91' lang='lat' dir='ltr'>unquam</span> <span class='ocrx_word' id='word_1_37' title='bbox 464 803 507 876; x_wconf 84' lang='lat' dir='ltr'>(t)</span> <span class='ocrx_word' id='word_1_38' title='bbox 529 803 642 861; x_wconf 76' lang='lat' dir='ltr'>recedat</span> <span class='ocrx_word' id='word_1_39' title='bbox 657 805 716 861; x_wconf 89' lang='lat' dir='ltr'>sine</span> <span class='ocrx_word' id='word_1_40' title='bbox 732 803 920 861; x_wconf 79' lang='lat' dir='ltr'><strong>misericordia</strong></span> 
     </span>
     <span class='ocr_line' id='line_1_7' title="bbox 116 900 920 974; baseline 0.002 -18"><span class='ocrx_word' id='word_1_41' title='bbox 116 900 179 973; x_wconf 82' lang='lat' dir='ltr'>tna,</span> <span class='ocrx_word' id='word_1_42' title='bbox 194 901 217 958; x_wconf 90' lang='lat' dir='ltr'>si</span> <span class='ocrx_word' id='word_1_43' title='bbox 232 902 345 974; x_wconf 89' lang='lat' dir='ltr'>quaerit</span> <span class='ocrx_word' id='word_1_44' title='bbox 360 901 594 972; x_wconf 65' lang='lat' dir='ltr'>misericordiam</span> <span class='ocrx_word' id='word_1_45' title='bbox 610 902 647 970; x_wconf 91' lang='lat' dir='ltr'>et,</span> <span class='ocrx_word' id='word_1_46' title='bbox 663 903 686 960; x_wconf 92' lang='lat' dir='ltr'>si</span> <span class='ocrx_word' id='word_1_47' title='bbox 702 919 756 962; x_wconf 90' lang='lat' dir='ltr'>non</span> <span class='ocrx_word' id='word_1_48' title='bbox 773 903 920 974; x_wconf 87' lang='lat' dir='ltr'>quaereret</span> 
     </span>
     <span class='ocr_line' id='line_1_8' title="bbox 117 999 920 1073; baseline 0.002 -17"><span class='ocrx_word' id='word_1_49' title='bbox 117 999 347 1069; x_wconf 87' lang='lat' dir='ltr'>misericordiam,</span> <span class='ocrx_word' id='word_1_50' title='bbox 363 1001 395 1059; x_wconf 94' lang='lat' dir='ltr'>tu</span> <span class='ocrx_word' id='word_1_51' title='bbox 410 1017 530 1073; x_wconf 83' lang='lat' dir='ltr'>quaeras</span> <span class='ocrx_word' id='word_1_52' title='bbox 543 1000 581 1058; x_wconf 87' lang='lat' dir='ltr'>ab</span> <span class='ocrx_word' id='word_1_53' title='bbox 595 1017 636 1068; x_wconf 88' lang='lat' dir='ltr'>eo,</span> <span class='ocrx_word' id='word_1_54' title='bbox 652 1001 675 1058; x_wconf 90' lang='lat' dir='ltr'>si</span> <span class='ocrx_word' id='word_1_55' title='bbox 691 1001 754 1058; x_wconf 82' lang='lat' dir='ltr'>ruit</span> <span class='ocrx_word' id='word_1_56' title='bbox 769 1001 920 1058; x_wconf 88' lang='lat' dir='ltr'>misericor·</span> 
     </span>
     <span class='ocr_line' id='line_1_9' title="bbox 116 1097 919 1174; baseline 0 -18"><span class='ocrx_word' id='word_1_57' title='bbox 116 1099 218 1172; x_wconf 81' lang='lat' dir='ltr'>diam(</span> <span class='ocrx_word' id='word_1_58' title='bbox 235 1097 257 1174; x_wconf 71' lang='lat' dir='ltr'>i.</span> <span class='ocrx_word' id='word_1_59' title='bbox 272 1099 319 1166; x_wconf 83' lang='lat' dir='ltr'>Et,</span> <span class='ocrx_word' id='word_1_60' title='bbox 334 1100 357 1156; x_wconf 89' lang='lat' dir='ltr'>si</span> <span class='ocrx_word' id='word_1_61' title='bbox 373 1100 475 1158; x_wconf 87' lang='lat' dir='ltr'>millies</span> <span class='ocrx_word' id='word_1_62' title='bbox 490 1099 589 1172; x_wconf 86' lang='lat' dir='ltr'>postea</span> <span class='ocrx_word' id='word_1_63' title='bbox 603 1099 755 1172; x_wconf 75' lang='lat' dir='ltr'>appareret</span> <span class='ocrx_word' id='word_1_64' title='bbox 767 1099 812 1173; x_wconf 80' lang='lat' dir='ltr'>(d)</span> <span class='ocrx_word' id='word_1_65' title='bbox 826 1116 919 1159; x_wconf 87' lang='lat' dir='ltr'>ueram</span> 
     </span>
     <span class='ocr_line' id='line_1_10' title="bbox 116 1197 921 1271; baseline -0.002 -15"><span class='ocrx_word' id='word_1_66' title='bbox 116 1197 207 1256; x_wconf 89' lang='lat' dir='ltr'>oeulis</span> <span class='ocrx_word' id='word_1_67' title='bbox 226 1197 293 1265; x_wconf 87' lang='lat' dir='ltr'>tuis,</span> <span class='ocrx_word' id='word_1_68' title='bbox 308 1198 393 1271; x_wconf 81' lang='lat' dir='ltr'><strong>dilige</strong></span> <span class='ocrx_word' id='word_1_69' title='bbox 415 1216 478 1255; x_wconf 92' lang='lat' dir='ltr'>eum</span> <span class='ocrx_word' id='word_1_70' title='bbox 500 1199 565 1270; x_wconf 88' lang='lat' dir='ltr'>plus</span> <span class='ocrx_word' id='word_1_71' title='bbox 586 1214 669 1271; x_wconf 88' lang='lat' dir='ltr'>quam</span> <span class='ocrx_word' id='word_1_72' title='bbox 693 1215 735 1256; x_wconf 87' lang='lat' dir='ltr'>me</span> <span class='ocrx_word' id='word_1_73' title='bbox 756 1199 792 1255; x_wconf 89' lang='lat' dir='ltr'>ad</span> <span class='ocrx_word' id='word_1_74' title='bbox 812 1197 872 1266; x_wconf 83' lang='lat' dir='ltr'>troc,</span> <span class='ocrx_word' id='word_1_75' title='bbox 889 1197 921 1256; x_wconf 88' lang='lat' dir='ltr'>ut</span> 
     </span>
     <span class='ocr_line' id='line_1_11' title="bbox 118 1295 920 1370; baseline 0.002 -18"><span class='ocrx_word' id='word_1_76' title='bbox 118 1295 220 1354; x_wconf 89' lang='lat' dir='ltr'>trahas</span> <span class='ocrx_word' id='word_1_77' title='bbox 239 1314 303 1353; x_wconf 91' lang='lat' dir='ltr'>enm</span> <span class='ocrx_word' id='word_1_78' title='bbox 330 1297 366 1354; x_wconf 89' lang='lat' dir='ltr'>ad</span> <span class='ocrx_word' id='word_1_79' title='bbox 389 1297 549 1365; x_wconf 87' lang='lat' dir='ltr'>Dominum,</span> <span class='ocrx_word' id='word_1_80' title='bbox 570 1298 600 1354; x_wconf 92' lang='lat' dir='ltr'>et</span> <span class='ocrx_word' id='word_1_81' title='bbox 625 1313 736 1370; x_wconf 84' lang='lat' dir='ltr'>semper</span> <span class='ocrx_word' id='word_1_82' title='bbox 763 1297 920 1355; x_wconf 85' lang='lat' dir='ltr'>miserearis</span> 
     </span>
     <span class='ocr_line' id='line_1_12' title="bbox 112 1373 921 1468; baseline 0 -16"><span class='ocrx_word' id='word_1_83' title='bbox 112 1394 236 1452; x_wconf 75' lang='lat' dir='ltr'>&#39;talibus</span> <span class='ocrx_word' id='word_1_84' title='bbox 259 1394 299 1452; x_wconf 80' lang='lat' dir='ltr'>nt</span> <span class='ocrx_word' id='word_1_85' title='bbox 326 1394 402 1452; x_wconf 90' lang='lat' dir='ltr'>istud</span> <span class='ocrx_word' id='word_1_86' title='bbox 430 1395 579 1453; x_wconf 75' lang='lat' dir='ltr'>denunties</span> <span class='ocrx_word' id='word_1_87' title='bbox 606 1373 921 1468; x_wconf 51' lang='lat' dir='ltr'>guardianissquando</span> 
     </span>
     <span class='ocr_line' id='line_1_13' title="bbox 117 1489 935 1572; baseline 0 -21"><span class='ocrx_word' id='word_1_88' title='bbox 117 1493 235 1566; x_wconf 83' lang='lat' dir='ltr'>poteris,</span> <span class='ocrx_word' id='word_1_89' title='bbox 256 1494 329 1566; x_wconf 87' lang='lat' dir='ltr'>quod</span> <span class='ocrx_word' id='word_1_90' title='bbox 352 1511 402 1565; x_wconf 89' lang='lat' dir='ltr'>per</span> <span class='ocrx_word' id='word_1_91' title='bbox 423 1493 451 1551; x_wconf 91' lang='lat' dir='ltr'>te</span> <span class='ocrx_word' id='word_1_92' title='bbox 472 1495 513 1551; x_wconf 88' lang='lat' dir='ltr'>ita</span> <span class='ocrx_word' id='word_1_93' title='bbox 534 1493 634 1550; x_wconf 86' lang='lat' dir='ltr'>firmus</span> <span class='ocrx_word' id='word_1_94' title='bbox 656 1510 685 1550; x_wconf 94' lang='lat' dir='ltr'>es</span> <span class='ocrx_word' id='word_1_95' title='bbox 700 1489 741 1572; x_wconf 84' lang='lat' dir='ltr'>(e)</span> <span class='ocrx_word' id='word_1_96' title='bbox 763 1493 862 1551; x_wconf 86' lang='lat' dir='ltr'>faeere.</span> <span class='ocrx_word' id='word_1_97' title='bbox 932 1563 935 1570; x_wconf 30' lang='grc' dir='ltr'>Ι</span> 
     </span>
     <span class='ocr_line' id='line_1_14' title="bbox 201 1588 919 1664; baseline 0.003 -16"><span class='ocrx_word' id='word_1_98' title='bbox 201 1591 240 1649; x_wconf 90' lang='lat' dir='ltr'>De</span> <span class='ocrx_word' id='word_1_99' title='bbox 261 1591 391 1650; x_wconf 88' lang='lat' dir='ltr'>omnibus</span> <span class='ocrx_word' id='word_1_100' title='bbox 411 1593 506 1650; x_wconf 91' lang='lat' dir='ltr'>autem</span> <span class='ocrx_word' id='word_1_101' title='bbox 528 1592 671 1664; x_wconf 81' lang='lat' dir='ltr'>capitatia,</span> <span class='ocrx_word' id='word_1_102' title='bbox 697 1608 767 1664; x_wconf 88' lang='lat' dir='ltr'>quae</span> <span class='ocrx_word' id='word_1_103' title='bbox 796 1588 875 1649; x_wconf 76' lang='lat' dir='ltr'>snnt&#39;</span> <span class='ocrx_word' id='word_1_104' title='bbox 891 1593 919 1650; x_wconf 87' lang='lat' dir='ltr'>in</span> 
     </span>
     <span class='ocr_line' id='line_1_15' title="bbox 89 1689 908 1767; baseline 0 -19"><span class='ocrx_word' id='word_1_105' title='bbox 89 1737 98 1757; x_wconf 81' lang='grc'><strong>.</strong></span> <span class='ocrx_word' id='word_1_106' title='bbox 117 1691 227 1765; x_wconf 78' lang='lat' dir='ltr'>regula,</span> <span class='ocrx_word' id='word_1_107' title='bbox 242 1708 313 1765; x_wconf 91' lang='lat' dir='ltr'>quae</span> <span class='ocrx_word' id='word_1_108' title='bbox 327 1691 483 1765; x_wconf 88' lang='lat' dir='ltr'>loquuntur</span> <span class='ocrx_word' id='word_1_109' title='bbox 496 1690 530 1749; x_wconf 94' lang='lat' dir='ltr'>de</span> <span class='ocrx_word' id='word_1_110' title='bbox 544 1690 713 1749; x_wconf 84' lang='lat' dir='ltr'>mortalibus</span> <span class='ocrx_word' id='word_1_111' title='bbox 732 1690 853 1764; x_wconf 85' lang='lat' dir='ltr'>peccatis</span> <span class='ocrx_word' id='word_1_112' title='bbox 865 1689 908 1767; x_wconf 83' lang='lat'>(1)</span> 
     </span>
     <span class='ocr_line' id='line_1_16' title="bbox 118 1789 921 1863; baseline -0.001 -16"><span class='ocrx_word' id='word_1_113' title='bbox 118 1790 238 1850; x_wconf 89' lang='lat' dir='ltr'>Domino</span> <span class='ocrx_word' id='word_1_114' title='bbox 269 1791 422 1848; x_wconf 84' lang='lat' dir='ltr'>adiuuante</span> <span class='ocrx_word' id='word_1_115' title='bbox 442 1792 470 1848; x_wconf 91' lang='lat' dir='ltr'>in</span> <span class='ocrx_word' id='word_1_116' title='bbox 492 1791 618 1863; x_wconf 87' lang='lat' dir='ltr'>capituto</span> <span class='ocrx_word' id='word_1_117' title='bbox 635 1789 829 1848; x_wconf 86' lang='lat' dir='ltr'>&#39;Pentecostes</span> <span class='ocrx_word' id='word_1_118' title='bbox 856 1806 921 1847; x_wconf 88' lang='lat' dir='ltr'>cum</span> 
     </span>
     <span class='ocr_line' id='line_1_17' title="bbox 117 1888 921 1961; baseline -0.001 -16"><span class='ocrx_word' id='word_1_119' title='bbox 117 1888 234 1948; x_wconf 89' lang='lat' dir='ltr'>consilio</span> <span class='ocrx_word' id='word_1_120' title='bbox 255 1888 376 1947; x_wconf 82' lang='lat' dir='ltr'>fratrum</span> <span class='ocrx_word' id='word_1_121' title='bbox 399 1889 532 1947; x_wconf 87' lang='lat' dir='ltr'>faciemus</span> <span class='ocrx_word' id='word_1_122' title='bbox 560 1888 636 1947; x_wconf 89' lang='lat' dir='ltr'>istud</span> <span class='ocrx_word' id='word_1_123' title='bbox 663 1889 720 1947; x_wconf 88' lang='lat' dir='ltr'>tate</span> <span class='ocrx_word' id='word_1_124' title='bbox 747 1888 921 1961; x_wconf 79' lang='lat' dir='ltr'>capitulum.-</span> 
     </span>
     <span class='ocr_line' id='line_1_18' title="bbox 117 1986 921 2061; baseline -0.002 -16"><span class='ocrx_word' id='word_1_125' title='bbox 117 1988 146 2045; x_wconf 91' lang='lat' dir='ltr'>Si</span> <span class='ocrx_word' id='word_1_126' title='bbox 178 1989 242 2061; x_wconf 90' lang='lat' dir='ltr'>quis</span> <span class='ocrx_word' id='word_1_127' title='bbox 273 1988 394 2046; x_wconf 83' lang='lat' dir='ltr'>fratrum</span> <span class='ocrx_word' id='word_1_128' title='bbox 427 1988 585 2061; x_wconf 85' lang='lat' dir='ltr'>instigante</span> <span class='ocrx_word' id='word_1_129' title='bbox 617 1990 727 2046; x_wconf 85' lang='lat' dir='ltr'>inimico</span> <span class='ocrx_word' id='word_1_130' title='bbox 761 1986 921 2045; x_wconf 89' lang='lat' dir='ltr'>mortaliter</span> 
     </span>
     <span class='ocr_line' id='line_1_19' title="bbox 118 2086 920 2160; baseline -0.004 -16"><span class='ocrx_word' id='word_1_131' title='bbox 118 2087 286 2160; x_wconf 85' lang='lat' dir='ltr'>peccaverit,</span> <span class='ocrx_word' id='word_1_132' title='bbox 319 2104 369 2159; x_wconf 90' lang='lat' dir='ltr'>per</span> <span class='ocrx_word' id='word_1_133' title='bbox 399 2086 585 2147; x_wconf 89' lang='lat' dir='ltr'>obedientiam</span> <span class='ocrx_word' id='word_1_134' title='bbox 608 2087 749 2145; x_wconf 62' lang='lat' dir='ltr'>‘teneatur</span> <span class='ocrx_word' id='word_1_135' title='bbox 777 2102 920 2143; x_wconf 88' lang='lat' dir='ltr'>recurrere</span> 
     </span>
     <span class='ocr_line' id='line_1_20' title="bbox 117 2184 920 2258; baseline -0.002 -15"><span class='ocrx_word' id='word_1_136' title='bbox 117 2185 155 2243; x_wconf 86' lang='lat' dir='ltr'>ad</span> <span class='ocrx_word' id='word_1_137' title='bbox 189 2185 377 2258; x_wconf 83' lang='lat' dir='ltr'>guardianum</span> <span class='ocrx_word' id='word_1_138' title='bbox 407 2203 499 2243; x_wconf 79' lang='lat' dir='ltr'>suum.</span> <span class='ocrx_word' id='word_1_139' title='bbox 530 2185 569 2243; x_wconf 88' lang='lat' dir='ltr'>Et</span> <span class='ocrx_word' id='word_1_140' title='bbox 599 2202 695 2244; x_wconf 91' lang='lat' dir='ltr'>omnes</span> <span class='ocrx_word' id='word_1_141' title='bbox 726 2184 839 2252; x_wconf 81' lang='lat' dir='ltr'>fratrea,</span> <span class='ocrx_word' id='word_1_142' title='bbox 871 2184 920 2257; x_wconf 88' lang='lat' dir='ltr'>qui</span> 
     </span>
     <span class='ocr_line' id='line_1_21' title="bbox 118 2266 919 2355; baseline 0 -14"><span class='ocrx_word' id='word_1_143' title='bbox 118 2284 225 2341; x_wconf 87' lang='lat' dir='ltr'>seirent</span> <span class='ocrx_word' id='word_1_144' title='bbox 252 2300 314 2340; x_wconf 89' lang='lat' dir='ltr'>eum</span> <span class='ocrx_word' id='word_1_145' title='bbox 344 2300 483 2355; x_wconf 83' lang='lat' dir='ltr'>peccasse,</span> <span class='ocrx_word' id='word_1_146' title='bbox 515 2301 570 2341; x_wconf 91' lang='lat' dir='ltr'>non</span> <span class='ocrx_word' id='word_1_147' title='bbox 602 2282 708 2342; x_wconf 85' lang='lat' dir='ltr'>faciant</span> <span class='ocrx_word' id='word_1_148' title='bbox 738 2284 762 2340; x_wconf 91' lang='lat' dir='ltr'>ei</span> <span class='ocrx_word' id='word_1_149' title='bbox 791 2266 919 2342; x_wconf 85' lang='lat' dir='ltr'>verecun-</span> 
     </span>
     <span class='ocr_line' id='line_1_22' title="bbox 117 2381 920 2455; baseline 0 -16"><span class='ocrx_word' id='word_1_150' title='bbox 117 2382 194 2439; x_wconf 84' lang='lat' dir='ltr'>diam</span> <span class='ocrx_word' id='word_1_151' title='bbox 215 2398 266 2439; x_wconf 91' lang='lat' dir='ltr'>nee</span> <span class='ocrx_word' id='word_1_152' title='bbox 289 2382 500 2451; x_wconf 87' lang='lat' dir='ltr'>detractionem,</span> <span class='ocrx_word' id='word_1_153' title='bbox 530 2381 578 2440; x_wconf 89' lang='lat' dir='ltr'>sed</span> <span class='ocrx_word' id='word_1_154' title='bbox 607 2398 737 2455; x_wconf 86' lang='lat' dir='ltr'>magnam</span> <span class='ocrx_word' id='word_1_155' title='bbox 767 2382 920 2440; x_wconf 90' lang='lat' dir='ltr'>misericor·</span> 
     </span>
    </p>
   </div>
   <div class='ocr_carea' id='block_1_3' title="bbox 115 2479 921 2553">
    <p class='ocr_par' dir='ltr' id='par_1_3' title="bbox 115 2479 921 2553">
     <span class='ocr_line' id='line_1_23' title="bbox 115 2479 921 2553; baseline 0 -16"><span class='ocrx_word' id='word_1_156' title='bbox 115 2480 192 2538; x_wconf 87' lang='lat' dir='ltr'>diam</span> <span class='ocrx_word' id='word_1_157' title='bbox 215 2479 340 2538; x_wconf 89' lang='lat' dir='ltr'>habeant</span> <span class='ocrx_word' id='word_1_158' title='bbox 359 2481 433 2538; x_wconf 86' lang='lat' dir='ltr'>eirca</span> <span class='ocrx_word' id='word_1_159' title='bbox 447 2482 539 2553; x_wconf 89' lang='lat' dir='ltr'>ipsum</span> <span class='ocrx_word' id='word_1_160' title='bbox 555 2480 584 2539; x_wconf 90' lang='lat' dir='ltr'>et</span> <span class='ocrx_word' id='word_1_161' title='bbox 600 2480 715 2539; x_wconf 88' lang='lat' dir='ltr'>teneant</span> <span class='ocrx_word' id='word_1_162' title='bbox 730 2480 848 2538; x_wconf 88' lang='lat' dir='ltr'>muitum</span> <span class='ocrx_word' id='word_1_163' title='bbox 865 2481 921 2553; x_wconf 92' lang='lat' dir='ltr'>pri·</span> 
     </span>
    </p>
   </div>
   <div class='ocr_carea' id='block_1_4' title="bbox 113 2728 919 2941">
    <p class='ocr_par' dir='ltr' id='par_1_4' title="bbox 113 2728 919 2941">
     <span class='ocr_line' id='line_1_24' title="bbox 148 2728 919 2789; baseline 0 -14"><span class='ocrx_word' id='word_1_164' title='bbox 148 2742 152 2749; x_wconf 92' lang='lat'>·</span> <span class='ocrx_word' id='word_1_165' title='bbox 183 2730 205 2787; x_wconf 82' lang='lat'>1)</span> <span class='ocrx_word' id='word_1_166' title='bbox 223 2728 272 2775; x_wconf 81' lang='lat' dir='ltr'>cn.</span> <span class='ocrx_word' id='word_1_167' title='bbox 289 2730 384 2786; x_wconf 79' lang='lat' dir='ltr'>regulae</span> <span class='ocrx_word' id='word_1_168' title='bbox 400 2730 488 2788; x_wconf 89' lang='lat' dir='ltr'>primae</span> <span class='ocrx_word' id='word_1_169' title='bbox 499 2745 550 2789; x_wconf 84' lang='lat' dir='ltr'>cap.</span> <span class='ocrx_word' id='word_1_170' title='bbox 564 2731 592 2775; x_wconf 83' lang='lat' dir='ltr'>v.</span> <span class='ocrx_word' id='word_1_171' title='bbox 606 2732 634 2777; x_wconf 90' lang='lat' dir='ltr'>do</span> <span class='ocrx_word' id='word_1_172' title='bbox 645 2729 790 2777; x_wconf 86' lang='lat' dir='ltr'>correctione</span> <span class='ocrx_word' id='word_1_173' title='bbox 807 2730 919 2787; x_wconf 81' lang='lat' dir='ltr'>fratrum,</span> 
     </span>
     <span class='ocr_line' id='line_1_25' title="bbox 114 2810 919 2877; baseline 0.001 -19"><span class='ocrx_word' id='word_1_174' title='bbox 114 2825 168 2869; x_wconf 87' lang='lat' dir='ltr'>cap.</span> <span class='ocrx_word' id='word_1_175' title='bbox 188 2810 253 2855; x_wconf 41' lang='lat' dir='ltr'>xiiii</span> <span class='ocrx_word' id='word_1_176' title='bbox 270 2810 299 2856; x_wconf 91' lang='lat' dir='ltr'>de</span> <span class='ocrx_word' id='word_1_177' title='bbox 315 2810 437 2870; x_wconf 80' lang='lat' dir='ltr'>punitione</span> <span class='ocrx_word' id='word_1_178' title='bbox 454 2810 634 2870; x_wconf 77' lang='lat' dir='ltr'>fornicatorum,</span> <span class='ocrx_word' id='word_1_179' title='bbox 652 2825 702 2877; x_wconf 84' lang='lat' dir='ltr'>cap.</span> <span class='ocrx_word' id='word_1_180' title='bbox 718 2810 772 2858; x_wconf 86' lang='lat' dir='ltr'>XX.</span> <span class='ocrx_word' id='word_1_181' title='bbox 786 2811 814 2859; x_wconf 91' lang='lat' dir='ltr'>de</span> <span class='ocrx_word' id='word_1_182' title='bbox 830 2810 919 2859; x_wconf 80' lang='lat' dir='ltr'>condes·</span> 
     </span>
     <span class='ocr_line' id='line_1_26' title="bbox 113 2890 311 2941; baseline -0.025 0"><span class='ocrx_word' id='word_1_183' title='bbox 113 2891 184 2941; x_wconf 86' lang='lat' dir='ltr'>siene</span> <span class='ocrx_word' id='word_1_184' title='bbox 200 2890 311 2939; x_wconf 77' lang='lat' dir='ltr'>fratrum.</span> 
     </span>
    </p>
   </div>
   <div class='ocr_carea' id='block_1_5' title="bbox 0 0 1147 3425">
    <p class='ocr_par' dir='ltr' id='par_1_5' title="bbox 0 0 1147 3425">
     <span class='ocr_line' id='line_1_27' title="bbox 0 0 1147 3425; baseline 0 0"><span class='ocrx_word' id='word_1_185' title='bbox 0 0 1147 3425; x_wconf 95' lang='lat' dir='ltr'> </span> 
     </span>
    </p>
   </div>
  </div>
 </body>
</html>
