2284 3425
237 201 295 260 130
422 220 554 261 urrunnun
575 219 719 261 uussnouus
738 219 850 260 nemu.

314 409 492 466 Aestimatus
513 426 576 466 sunu
597 425 661 467 cnm
681 407 915 466 descendentibus
938 408 968 464 in
998 408 1035 466 la·

140 547 148 560 ·
233 525 312 566 cum:
335 508 428 566 factus
448 525 511 566 snm
533 509 608 566 sicut
626 507 710 566 huuno
733 509 795 565 sine
820 507 971 575 adiunctio,
993 509 1036 564 in·

234 608 278 665 ter
299 609 426 666 mortuus
445 607 527 665 liber.

312 707 356 764 Tu
376 723 406 764 cs
426 706 624 764 sanctissimus
651 706 738 764 Peter
761 723 855 763 mens:
876 705 934 762 Rex
956 720 1035 762 meus

233 804 262 860 et
279 791 360 862 'Dens
381 822 461 862 mens

312 902 432 961 Intende
453 904 481 960 in
502 903 674 961 adiutorium
697 919 805 960 meum:
825 902 943 960 Domine
958 901 1036 960 Deus

232 1001 336 1059 salutis
357 1019 443 1060 meae.

472 1169 478 1190 ·
530 1169 579 1256 nu
598 1169 730 1230 ennam.

312 1325 384 1386 Ant.
406 1325 509 1383 Sancta
532 1325 632 1382 Maria.

554 1458 708 1516 Psalmus.

311 1594 443 1652 Miserere
465 1594 527 1661 mei,
549 1592 634 1657 Deuu
656 1592 876 1649 misereremei:
898 1593 1035 1662 quoniam

231 1693 258 1749 iu
281 1693 308 1750 te
330 1690 445 1750 confidit
465 1691 560 1748 anima
582 1706 653 1747 mea.

310 1790 348 1847 Et
368 1792 396 1846 iu
419 1788 519 1847 umbre
539 1789 650 1846 alarum
666 1790 780 1846 tuarum
795 1788 931 1861 sperabo:
944 1789 1035 1849 denec

230 1888 361 1946 transeat
381 1888 526 1959 iniquitas,

310 1986 443 2045 clamabo
463 1986 499 2043 ad
521 1987 730 2045 sanctissimum
745 1985 860 2043 Patrem
883 2002 973 2043 meum
989 1986 1036 2045 alss

230 2087 386 2144 tissimum:
410 2085 508 2153 Deum,
530 2087 578 2158 qui
600 2084 736 2142 benefecit
757 2083 834 2141 milui.

309 2184 388 2241 Misit
408 2184 441 2241 dc
462 2184 538 2241 caelu
559 2183 588 2241 ct
608 2183 741 2240 liberavit
763 2200 821 2240 me:
843 2182 920 2239 decit
937 2183 965 2239 in
980 2199 1035 2256 op-

230 2282 374 2355 probrium
397 2282 594 2341 conculcantes
618 2300 670 2339 me.

309 2381 388 2439 Misit
410 2382 484 2439 Deus
501 2398 614 2439 manum
630 2398 710 2438 sunm
731 2381 760 2438 et
775 2380 923 2438 veritatem
938 2396 1033 2445 suam.

228 2481 350 2537 animam
374 2496 461 2537 meam
483 2467 589 2553 eripuit
609 2480 643 2537 de
669 2480 794 2549 inimicis,
817 2480 886 2537 meis
907 2478 1033 2537 fertissi-

229 2579 281 2636 mis
303 2584 332 2635 et
352 2578 388 2635 ab
409 2578 454 2635 his
475 2579 522 2651 qui
544 2578 665 2635 oderunt
687 2595 744 2635 me:
766 2578 898 2650 quoniam
919 2576 1033 2635 cunfun-

228 2678 282 2735 cati
304 2677 372 2734 suut
393 2694 477 2749 snper
498 2694 550 2733 me.

308 2776 449 2847 Laqueum
474 2776 648 2848 paraverunt
664 2774 781 2847 pedibus
795 2776 879 2833 meis:
896 2776 924 2832 et
938 2776 1033 2833 incur·

227 2875 366 2932 uenerunt
386 2876 509 2933 unimam
532 2891 633 2932 meam.
702 2884 708 2892 ’
