2284 3425
185 200 222 255 72
502 215 614 258 aueum
636 215 667 256 11.

114 444 119 454 .
184 404 292 462 militer
313 405 342 462 et
362 405 513 463 caritative
526 405 673 478 corrigant
686 421 733 464 eos
747 421 802 463 non
819 406 988 478 praecipien-

184 504 227 561 tes
248 504 288 561 eis
308 503 425 577 aliquid,
446 496 520 576 quod
540 503 579 560 sit
599 503 698 562 contra
719 505 841 561 animam
861 519 940 561 suam
957 504 986 560 et

184 602 311 675 regulam
333 603 471 661 nostram.
493 602 611 660 Fratres
633 618 707 670 vero,
722 604 769 675 qui
787 605 855 660 sunt
869 602 983 670 subditi,

182 700 374 767 recordentur,
402 700 475 774 quod
504 701 622 774 propter
650 701 739 758 Deum
770 701 985 774 abnegaverunt

184 800 314 871 proprias
336 799 507 857 voluntates.
529 799 610 856 Unde
631 799 751 858 firmiter
772 801 913 871 praecipio
934 800 983 866 eis,

183 899 216 953 ut
236 896 368 956 obediant
389 899 448 954 suis
469 897 609 955 ministris
629 889 668 954 in'
680 898 819 964 omnibus,
834 915 904 970 quoe
919 913 984 969 pro·

184 996 322 1052 miserunt
342 995 462 1055 Domino
482 995 632 1054 observare
647 997 675 1053 et
689 1013 743 1053 nou
760 997 828 1053 sunt
841 996 985 1054 contraria

183 1095 293 1151 animae
303 1093 332 1152 et
346 1095 462 1167 regulae
472 1094 597 1153 nostrae.
612 1094 659 1178 Et,
668 1084 838 1168 ‘ubicumque
851 1096 919 1152 sunt
930 1093 985 1152 lra-

183 1191 252 1258 tres
273 1192 322 1264 qui
343 1192 449 1248 scirent
469 1193 498 1249 et
522 1192 733 1266 cognoscerent,
762 1209 791 1250 se
818 1209 873 1251 non
902 1207 985 1264 posse

182 1290 309 1362 regulam
325 1290 516 1362 spiritualiter
531 1290 691 1358 ohservare,
706 1291 742 1348 ad
757 1307 824 1348 suos
839 1290 985 1348 ministros

182 1386 303 1444 debeant
323 1389 352 1444 et
373 1388 485 1460 possint
506 1406 659 1446 recurrere.
681 1389 806 1446 Ministri
829 1405 894 1447 vero
915 1389 984 1446 curi·

183 1487 272 1543 tatius
292 1487 321 1543 et
343 1487 462 1559 benigne
482 1503 529 1546 eos
551 1488 690 1559 recipiant
711 1487 740 1544 et
767 1487 877 1545 tantam
906 1486 984 1545 fami·

182 1584 336 1642 liaritutem
358 1584 483 1643 habeant
503 1587 577 1642 circa
599 1586 685 1659 ipsos,
701 1585 733 1643 ut
754 1586 844 1644 dicere
873 1586 985 1658 possint

182 1682 222 1739 ois
235 1682 264 1739 et
279 1681 369 1741 lacere
384 1684 458 1741 sicut
478 1683 584 1742 domini
599 1685 690 1741 seruis
704 1684 779 1753 suis;
795 1701 859 1742 narn
875 1685 915 1741 ita
936 1683 984 1741 de-

183 1779 230 1838 bet
244 1798 314 1848 esse,
326 1781 398 1854 quod
415 1782 538 1840 ministri
553 1782 611 1839 sint
626 1784 699 1839 servi
712 1784 835 1839 omnium
851 1782 983 1839 fratrum.

262 1880 361 1939 Moneo
376 1897 442 1938 vero
456 1882 484 1937 et
499 1880 632 1939 exhortor
646 1882 674 1937 in
692 1880 811 1939 Domino
824 1881 890 1939 Iesu
906 1880 983 1937 Chri·

182 1977 237 2046 sto,
249 1980 282 2034 ut
292 1982 415 2036 caveant
426 1980 530 2037 iratres
545 1980 582 2036 ab
594 1980 674 2037 omni
685 1980 825 2051 superbia,
838 1996 911 2036 vana
925 1979 984 2052 glo·

87 2152 89 2154 ι
182 2078 234 2143 ria,
249 2077 364 2144 inuidia,
377 2078 507 2135 avaritia
516 2076 570 2152 (d),
582 2095 648 2135 oura
661 2078 689 2135 et
700 2077 888 2135 sollicitudine
898 2076 983 2133 huius

182 2175 297 2243 saeculi,
318 2176 492 2233 detractione
513 2175 542 2233 et
563 2176 795 2235 murmuratione.
817 2175 855 2232 Et
869 2190 923 2233 nou
939 2192 984 2232 cu·

181 2274 247 2329 rent
267 2273 423 2331 nescientes
439 2274 553 2331 litteras
570 2273 684 2331 litteras
698 2274 812 2341 discere,
828 2274 875 2331 sed
889 2273 983 2331 atton-

181 2371 261 2438 dant,
283 2371 357 2444 quod
379 2389 464 2444 super
484 2373 577 2430 omnia
592 2372 750 2450 desiderare
764 2371 866 2429 debent
880 2370 983 2429 habere

182 2470 313 2541 spiritum
326 2469 438 2528 Domini
450 2471 613 2527 etsanctarn
623 2472 683 2528 eius
693 2470 894 2543 operationem,
902 2486 983 2528 orare

182 2584 293 2640 semper
313 2568 348 2625 ad
361 2585 424 2625 eum
441 2584 512 2641 puro
526 2558 607 2626 corde
622 2568 651 2626 et
664 2568 767 2626 habere
782 2567 981 2637 humilitatem,

182 2666 348 2737 patientiam
372 2669 399 2723 in
422 2667 615 2739 persecutione
636 2668 665 2725 ot
686 2667 852 2724 infirmitate
874 2668 902 2723 et
920 2666 982 2725 dili·

171 2904 177 2912 ·
245 2878 267 2938 1)
285 2878 334 2925 cfr.
352 2880 408 2926 erc.
429 2878 466 2937 12,
484 2879 524 2929 15,
