2284 3425
296 165 352 223 136
479 182 613 224 eunomus
633 182 778 225 mssmms
798 183 907 246 nomm.

343 375 345 379 ’
372 370 443 441 Quia
470 373 669 430 sanctissimus
688 372 776 429 Pater
795 372 830 429 de
854 373 940 439 caelo,
962 371 1025 429 Rex
1055 388 1104 429 no·

292 469 360 539 ster,
385 470 453 528 antu
482 466 594 527 saecula
622 470 701 528 misit
721 469 853 528 dilectum
882 469 987 527 Filium
1014 487 1101 528 suum

290 569 324 626 du
345 569 420 628 ulto:
442 569 472 627 et
491 568 627 642 operatus
647 567 692 627 est
706 569 827 627 sulutem
842 570 870 626 iu
888 568 978 628 medio
991 568 1100 626 terrae.

370 667 526 726 Laetuntur
540 667 610 726 oeeli
625 668 654 726 et
673 667 798 725 exsultet
811 668 898 740 terra,
920 683 1100 727 commovea-

290 766 338 824 tur
359 782 437 824 mare
457 766 487 824 et
509 765 654 838 plenitudo
675 767 751 846 eius:
772 765 938 839 gaudebunt
957 767 1055 838 campi
1069 765 1099 826 ot

290 865 393 932 omnia,
415 881 487 938 quae
508 866 536 924 in
557 866 598 923 eis
619 865 696 925 sunt.
989 865 997 878 ‘
1058 871 1070 879 '

371 963 492 1020 Cantate
513 964 537 1021 el
551 962 691 1022 canticum
707 979 827 1020 novum:
843 963 957 1021 cantate
973 963 1097 1022 Domino

289 1061 380 1119 omnis
401 1061 488 1118 terro.
599 1126 601 1131 ,
1079 1040 1083 1050 ¹

370 1159 506 1228 Quoniam
528 1176 650 1232 magnus
673 1159 809 1233 Dominus
829 1160 859 1217 et
879 1159 1034 1218 laudabilis
1056 1161 1095 1216 ni-

290 1259 355 1316 mis:
378 1258 515 1316 terribilis
535 1259 581 1315 est
601 1275 686 1331 super
707 1274 804 1317 omnes
824 1258 899 1318 deos.

369 1356 477 1414 Afferte
499 1357 618 1416 Domino
639 1357 751 1430 patriae
763 1356 901 1429 gentium,
915 1356 1015 1415 afferte
1037 1357 1093 1415 Do-

289 1456 364 1514 mino
384 1455 504 1528 gloriam
533 1456 562 1512 et
589 1454 739 1514 honorem:
760 1454 861 1520 efferte
888 1443 1006 1513 Domino
1035 1456 1092 1527 glo·

288 1555 358 1611 riam
381 1555 485 1612 nomini
506 1555 575 1612 eius.
972 1630 975 1636 Ι

367 1653 469 1713 Tollite
496 1669 615 1726 corpore
638 1653 735 1710 vestra
762 1653 791 1709 et
816 1652 940 1710 heiulatu
962 1653 1088 1713 salictam

287 1768 396 1809 erucem
418 1753 493 1810 eius:
516 1752 545 1809 et
565 1752 714 1825 sequimini
741 1768 830 1824 usque
857 1752 885 1809 iu
914 1750 997 1809 finem
1025 1770 1090 1809 san·

287 1851 414 1908 ctissime
436 1852 588 1923 praecepta
609 1851 679 1908 olus.

368 1948 585 2007 commoveatur
610 1967 627 2006 a
653 1948 722 2006 facie
750 1949 812 2006 eius
837 1948 971 2005 universa
994 1948 1085 2008 ternu

287 2048 370 2105 dicite
391 2048 419 2105 in
442 2048 586 2121 gentibue,
607 2048 673 2120 quia
695 2047 833 2105 Dominus
855 2048 996 2119 regnauit.

357 2219 446 2285 Usque
466 2220 517 2269 nuo
530 2218 626 2269 dicitur
645 2232 659 2269 a
679 2217 741 2269 lenia
761 2223 833 2271 sextu
849 2218 991 2269 parasceve
1005 2196 1085 2284 nsque

287 2308 320 2360 ud
341 2310 435 2359 fesium
455 2307 622 2359 Asceusiouis
640 2308 768 2374 quotidie.
788 2310 893 2359 infesto
913 2320 977 2358 vero
995 2309 1084 2359 Ascon-

208 2400 209 2405 ’
287 2396 368 2448 sionis
387 2397 601 2461 superadduntur
621 2396 660 2449 isti
682 2397 816 2449 versiculi:

366 2538 405 2596 Et
425 2539 551 2597 aseendit
572 2540 608 2596 ud
629 2540 736 2598 caelos:
759 2538 788 2597 et
802 2539 880 2597 sedet
894 2540 929 2596 ad
942 2538 1081 2599 dexteram

286 2639 457 2695 sanctissimi
479 2638 575 2695 Patris
597 2640 624 2696 in
646 2639 741 2696 caelis
1006 2632 1009 2635 ⁴

366 2736 501 2794 Exultare
522 2738 608 2809 super'
622 2738 714 2795 caelos
730 2737 820 2794 Deus:
835 2737 864 2793 ot
878 2753 965 2807 super
978 2753 1078 2795 omnem

286 2836 391 2893 terram
413 2835 505 2909 glorie
526 2836 586 2892 tua.
