2284 3425
336 341 338 345 ,
444 295 533 341 error
555 295 605 339 xri.
885 276 920 337 41
952 256 954 261 ³

122 486 299 568 osteudeutes
307 490 558 549 mansueludinem
570 487 611 547 ud
620 506 717 547 omues
729 488 859 547 homiues
867 488 922 561 (1).

121 588 186 647 Nou
201 589 340 663 iudieeut;
356 606 411 648 nou
430 588 633 657 condemnaro
649 589 686 656 et,
702 588 775 645 sieut
789 587 857 645 dicit
871 588 924 647 Do·

121 688 215 745 miuus
231 686 285 764 (2),
307 704 361 745 nou
384 687 563 746 considerent-
584 687 700 745 minima
723 686 837 759 peccata
858 686 924 745 alio·

121 801 195 852 runi,
216 786 300 843 immo
324 787 414 859 magis
435 802 486 843 sue
501 787 657 859 reeoyiient
671 786 703 843 in
724 785 925 844 amaritudine

120 882 239 939 animae
259 888 329 941 stoue
344 881 398 961 (3).
421 884 460 941 Et
480 883 658 942 contruderet
672 883 717 957 (a)
739 884 851 941 intrare
871 899 924 955 per

121 983 280 1056 anqustum
304 985 424 1053 perium
447 982 502 1057 (4),
524 983 591 1055 quia
612 981 680 1039 dicit
701 982 838 1041 Dominus
861 980 921 1059 (5):

120 1076 262 1153 Ariousia
279 1083 371 1152 portu
393 1083 420 1137 et
442 1084 527 1137 areta
547 1081 597 1137 eiu
617 1082 668 1152 esi,
690 1091 764 1152 quoe·
785 1080 865 1139 elereit
885 1083 925 1139 oet
960 1083 962 1086 ’

118 1177 231 1248 eituru;
250 1179 278 1235 el
295 1179 386 1249 pauci
406 1182 476 1237 suut
496 1180 549 1251 qui
569 1179 720 1237 inueniunt
740 1196 816 1237 eom.

226 1384 293 1442 XII.
314 1382 416 1444 -Do
437 1381 509 1442 melo
529 1382 592 1443 visu
613 1389 642 1441 et
663 1381 820 1459 frequentia
930 1388 933 1391 ’

374 1480 520 1567 mulierum
541 1479 667 1541 riteude.

201 1667 304 1728 Omnes
326 1669 441 1744 iratres,
461 1670 627 1744 ubicumque
648 1672 716 1729 suut
737 1671 780 1730 vel
804 1671 921 1739 radunt,

119 1768 241 1826 caveant
262 1768 314 1826 sibi
335 1787 352 1827 u
375 1770 448 1827 melo
463 1771 525 1828 risu
541 1769 569 1828 et
585 1769 743 1843 frequentia
765 1770 923 1838 mulierum,

119 1867 149 1924 et
171 1867 269 1926 uullus
283 1884 345 1926 eum
361 1869 401 1926 eis
415 1869 580 1928 consilietur
595 1869 673 1928 solus
685 1869 739 1945 (t).
760 1869 924 1928 Sacerdotes

117 1965 237 2024 honeste
265 1966 418 2040 loquentur
447 1985 509 2025 eum
537 1969 578 2025 eis
605 1949 698 2026 deuio
719 1967 921 2039 poeniteutiam

119 2065 165 2122 vel
187 2064 300 2137 aliquod
323 2066 472 2138 spirituale
490 2066 647 2125 consilium.
662 2065 701 2121 Et
715 2066 795 2123 nullu
810 2067 923 2138 penitus

120 2162 223 2220 mulier
244 2162 388 2236 abaliquo
403 2163 492 2222 fratre
508 2164 662 2236 recipiatur
676 2164 711 2221 ad
726 2163 922 2232 obedientiam,

118 2260 169 2318 sed
190 2259 258 2319 dato
279 2261 331 2318 sibi
353 2262 469 2320 oonsilio
490 2262 644 2334 spirituali,
666 2262 713 2319 ubi
729 2260 770 2338 (e)
792 2263 923 2329 voluerit,

118 2358 190 2432 eget
212 2360 424 2431 poeniteutiam.
446 2359 484 2416 ut
506 2361 627 2417 multum
650 2377 746 2418 oruues
766 2377 818 2420 uos
832 2361 923 2418 eusto-

118 2455 232 2514 dieurus
252 2457 281 2514 et
302 2458 395 2516 onruiu
417 2457 542 2530 membra
568 2459 668 2517 uestra
696 2458 801 2516 munda
828 2461 923 2516 tenea-

119 2571 193 2622 mus,
215 2556 282 2628 quia
302 2555 370 2613 dieii
392 2555 528 2640 Doluirrus
540 2554 601 2633 (6):
621 2555 733 2628 Omnis,
752 2557 804 2628 qui
819 2555 923 2614 viderit

185 2801 348 2862 umus
458 2803 921 2861 ufflmmwumsu

183 2883 208 2941 3)
226 2881 283 2929 lsai.
301 2883 340 2941 38,
360 2883 397 2930 15.
688 2883 713 2940 ll
732 2885 787 2932 Luc.
808 2884 845 2940 13,
861 2883 900 2930 24.

181 2963 413 3022 ummuu
688 2964 920 3022 umus&
