2284 3425
226 201 264 258 62
553 217 665 259 annom
687 218 707 259 1.

227 319 345 326 ——---

305 407 341 464 ln
363 408 474 464 nomine
495 406 609 463 Domini
636 422 703 479 rogo
731 423 828 464 omnes
852 406 965 473 fratros,
994 407 1028 463 ut

225 503 374 562 addiscant
395 505 518 562 tenorem
541 504 570 562 et
592 521 706 562 sensnm
725 521 907 577 eorumquae
927 505 954 562 ln
970 503 1027 562 ista

226 604 286 660 vite
306 603 342 661 ad
364 603 551 662 salvationem
573 605 684 662 animae
699 598 813 662 nostrae
828 604 934 677 scripta
948 603 1027 671 snnt,

225 701 255 758 et
268 701 325 759 ista
339 701 502 774 frequenter
515 701 552 759 ad
563 702 727 760 memoriam
739 702 883 759 reducant.
897 701 933 760 Et
943 717 1027 760 exoro

227 800 325 866 Dedin,
338 801 370 857 nt
384 801 454 872 ipse,
468 800 516 871 qui
531 800 575 856 est
587 799 775 871 omnipotens,
789 800 883 857 trinos
900 800 928 858 et
941 816 1028 872 unna,

225 898 371 956 benedicat
390 913 487 956 omnes
507 898 649 966 docentes
664 898 812 966 discentes,
827 897 971 966 habentes,
986 916 1026 955 re

225 996 375 1060 eordantes
395 996 425 1054 et
444 997 596 1068 operantes
617 997 684 1065 ista,
706 997 816 1070 quoties
838 996 971 1069 repetunt
998 997 1029 1054 et

226 1095 333 1153 iaciunt
353 1111 425 1169 quae
446 1095 485 1152 ibi
506 1095 542 1153 ad
563 1096 751 1154 salvationem
773 1096 901 1153 nostram
919 1095 1031 1166 seripta'

225 1193 302 1252 sont.
325 1192 363 1249 lit
383 1193 517 1273 depreoor
537 1209 634 1251 omnes
655 1210 717 1252 cum
740 1193 835 1251 osonio
862 1193 972 1266 pedum,
994 1193 1029 1249 nt

226 1292 347 1350 multum
366 1291 497 1365 diligant,
512 1291 676 1352 custodiant
688 1291 717 1350 et
738 1292 878 1364 reponant
891 1289 982 1368 haee(
1004 1291 1028 1366 ).

225 1390 264 1446 Et
284 1407 317 1447 ex
339 1390 421 1462 parte
444 1390 493 1447 Dei
521 1389 724 1462 omnipotentis
751 1389 779 1447 et
804 1391 908 1449 domini
937 1406 1029 1462 papae

225 1490 255 1546 et
276 1505 325 1561 per
346 1487 531 1547 obedientiam
554 1503 606 1561 ego
621 1488 710 1547 frater
725 1488 893 1547 Francisons
906 1488 1029 1546 firmiter

226 1588 367 1661 praecipio
388 1588 417 1644 et
437 1587 563 1660 iniungo,
586 1586 619 1645 ut
640 1603 672 1644 ex
694 1586 830 1659 hisquae
852 1588 879 1645 in
895 1587 952 1644 ists
967 1587 1029 1644 vita

226 1686 334 1759 scripta
354 1684 432 1755 sont,
453 1686 551 1746 nullus
573 1685 683 1745 minuat
701 1685 746 1744 vel
767 1687 796 1744 in
811 1687 873 1759 ipsa
888 1685 1027 1759 seriptum
1063 1734 1069 1741 .
1140 1661 1141 1682 ¹

225 1785 337 1858 aliquod
358 1785 479 1857 desuper
492 1784 589 1853 addat,
604 1802 654 1843 nee
674 1786 760 1843 aliam
775 1786 902 1858 regulam
922 1784 1030 1844 fratres

225 1883 359 1941 habeant.

306 1980 403 2039 Gloria
424 1980 506 2037 Patri
526 1980 555 2039 et
576 1981 648 2040 Filio
669 1982 697 2039 et
716 1982 833 2056 Spiritui
857 1980 963 2040 saneto.
985 1981 1030 2037 Si·

226 2081 275 2138 ent
294 2081 357 2138 orat
377 2081 406 2136 in
428 2080 567 2152 principio
584 2081 613 2137 et
627 2097 702 2138 none
716 2081 744 2137 et
759 2096 868 2153 semper
882 2081 911 2137 et
925 2080 953 2136 in
970 2096 1030 2137 sao·
1079 2130 1087 2144 ,

226 2180 290 2235 oola
311 2178 497 2235 saeculorum.
518 2179 619 2237 Amen.
