2284 3425
196 175 234 232 36
517 190 630 233 necuun
652 192 672 232 1.

195 380 314 439 fratrem
338 382 483 454 pecuniam
507 381 550 438 uel
571 381 702 439 denarios
722 381 854 453 colligere
875 381 919 437 vel
948 379 998 436 ha-

197 479 271 547 bero,
285 480 402 552 excepta
416 479 590 537 solummodo
605 478 749 551 praedicta
760 478 935 537 infirmorum
950 495 998 536 ne·

127 614 129 619 ,
197 578 339 642 cessitate,
355 593 451 635 omnes
466 578 570 635 fratres
586 577 703 635 teneant
715 594 777 635 eum
793 593 844 648 pro
858 576 930 634 salso
946 575 998 634 ira·

199 677 242 733 tre
262 676 291 733 et
307 675 367 734 fure
382 676 411 731 et
425 676 536 733 latrone
550 677 580 733 et
594 675 700 733 loculos
714 674 845 742 habente,
860 676 913 731 nisi
933 690 999 733 vere

197 774 375 848 poenituerit.
399 774 438 831 Et
458 774 538 833 nullo
558 774 640 833 modo
665 774 769 832 fratres
790 772 929 845 recipiant
949 790 999 830 neo

197 874 281 945 recipi
305 872 411 931 iaciant
431 890 481 931 nec
495 872 637 945 quaerant
658 889 708 930 nec
722 873 819 944 quaeri
834 871 940 929 faciant
955 888 998 943 pe·

195 973 305 1029 curriarn
323 987 373 1043 pro
388 972 562 1045 eleemosyna
576 971 619 1045 (o)
635 987 724 1043 neque
738 970 869 1048 denarios
884 986 935 1042 pro
949 969 998 1027 eli·

183 1070 298 1141 ouibus
311 1069 440 1128 domibus
461 1070 505 1127 vel
520 1070 605 1136 locis;
620 1086 709 1142 noque
729 1085 793 1127 curn
812 1084 932 1141 persona
947 1083 998 1141 pro

196 1168 303 1235 talibus
324 1168 393 1226 locis
414 1169 547 1240 pecunias
561 1164 614 1225 ‘vel
635 1168 765 1226 denarios
785 1167 938 1240 quaerente
954 1183 999 1223 va·

142 1312 150 1345 ,Ἴ
184 1265 275 1323 nant.
299 1266 364 1323 Alia
386 1267 480 1324 autem
503 1267 629 1331 servitia.
658 1281 729 1338 quae
757 1281 812 1323 nou
838 1266 907 1323 sunt
933 1279 999 1321 con·

196 1364 286 1422 traria
308 1364 384 1421 vitae
405 1366 528 1431 nostrae,
552 1365 674 1437 possunt
694 1362 799 1421 iratres
825 1342 998 1421 lacerosum

197 1462 387 1521 benedictione
410 1461 470 1520 Dei.
491 1463 609 1541 Fratres
630 1463 725 1519 tamen
741 1464 769 1519 in
785 1461 936 1519 manifesta
950 1476 999 1518 ne·

196 1562 329 1619 cessitate
345 1561 521 1633 leprosorum
538 1561 650 1634 possint
664 1577 716 1633 pro
730 1561 770 1618 eis
784 1576 918 1633 quaerere
932 1558 998 1616 el‘ee·

196 1676 351 1734 mosynam.
375 1659 502 1718 caveant
522 1660 617 1717 tamen
640 1649 760 1717 multum
783 1659 945 1731 apecunia.
960 1657 1000 1715 Si·

197 1760 302 1818 militor
323 1759 443 1816 caueant
463 1775 560 1817 omnes
582 1758 696 1826 iratres,
711 1759 744 1815 ut
759 1774 810 1830 pro
825 1758 904 1815 nullo
920 1757 999 1827 turpi

196 1858 274 1915 lucro
296 1858 390 1914 terras
410 1858 593 1914 circumeant.

268 2030 276 2064 Ἰ
334 2062 386 2120 lll.
408 2058 509 2119 -De
530 2057 652 2136 peteuda
671 2059 855 2135 eleemosyna.

276 2248 379 2306 Omnes
401 2248 505 2306 fratres
520 2248 656 2306 studeant
670 2249 747 2320 sequi
763 2247 954 2304 humilitatem
969 2246 998 2304 ot

197 2347 396 2419 paupertatem
419 2347 530 2406 Domini
553 2347 643 2405 nostri
666 2347 731 2404 Iesu
762 2346 869 2403 Christi
897 2346 927 2402 et
955 2363 999 2402 re-

152 2521 155 2526 ,
195 2445 355 2512 condentur,
377 2446 450 2518 quod
473 2445 542 2502 nihil
571 2445 648 2502 aliud
678 2446 790 2517 oportet
819 2461 870 2502 nos
896 2443 999 2501 habero

196 2543 229 2601 de
251 2544 310 2602 toto
332 2544 444 2610 inundo,
460 2545 524 2611 nisi,
541 2545 615 2600 siout
629 2543 698 2600 dicit
711 2543 860 2614 apostolus
873 2542 927 2616 (1),
950 2541 999 2598 hu·

197 2641 292 2698 tentes
313 2642 455 2699 alimonio
475 2646 501 2698 ot
522 2642 629 2712 quihus
652 2644 795 2714 leporium,
811 2641 856 2698 his
871 2640 999 2697 contenti

262 2854 284 2909 l)
302 2852 320 2899 l.
339 2852 398 2926 Tiro.
417 2853 440 2909 6,
459 2853 482 2898 8.
545 2889 549 2894 .
