2284 3425
240 175 300 254 58'
567 213 679 254 sennen
701 214 719 254 1.

239 401 1040 474 quispersanctamvoiuntatemtnametpernnicum(a)

240 500 343 566 Filium
365 501 445 558 tuum
459 488 495 559 ¹in
517 501 624 573 Spiritu
647 499 745 559 sancte
760 500 862 558 creasti
877 500 970 558 omnia
986 499 1043 571 spi·

237 599 356 661 ritualia
376 600 405 657 et
425 600 585 672 corporalia
605 598 634 656 et
655 615 706 677 nps
727 598 767 656 ad
781 598 935 671 imaginem
958 600 1042 655 inam

238 701 266 754 et
285 697 510 755 similitudinem
524 696 619 767 factos
633 698 666 754 in
677 697 823 770 paradiso
838 697 968 768 posuisti
981 695 1038 767 (1);

226 794 267 860 et
287 812 340 855 nos
361 812 410 868 per
429 796 543 870 eulpam
557 795 684 853 nestram
700 795 858 853 cecidimus
873 793 911 851 nt
928 793 1041 866 gratias

238 895 351 966 agimus
365 895 426 960 tibi,
441 895 516 967 quia,
532 895 605 952 sieut
620 911 670 967 per
684 893 787 952 Filium
803 893 883 950 tuum
900 909 950 950 nos
965 908 1041 950 crea·

239 993 286 1060 sti,
298 994 338 1050 sie
351 991 380 1049 et
395 1009 444 1065 per
458 1009 553 1051 veram
567 994 597 1050 et
612 993 738 1051 sanctam
754 991 936 1050 dilectionem
950 990 1041 1059 tuam,

239 1107 298 1162 pua
308 1091 439 1149 dilexisti
450 1107 501 1150 nes
510 1089 565 1167 (2),
578 1092 670 1163 ipsum
682 1107 778 1148 rerum
795 1088 883 1146 Deum
898 1090 927 1146 et
941 1105 1041 1146 verum

238 1189 425 1246 hominemex
445 1190 569 1262 gloriosa
598 1205 709 1261 semper
729 1187 846 1261 Virgine
874 1187 1041 1244 beatissima

166 1352 171 1360 ¹
238 1288 337 1344 sancta
352 1287 443 1345 Maria
454 1289 531 1345 nesci
543 1287 644 1355 fecisti,
656 1287 684 1343 et
700 1303 749 1358 per
759 1303 867 1343 crucem
883 1285 911 1342 et
926 1286 1041 1357 sangui·

193 1456 195 1460 ι
236 1401 300 1443 nem
322 1385 351 1442 et
371 1385 490 1443 mertem
511 1387 602 1458 ipsius
623 1401 675 1443 nos
689 1385 817 1469 captives
838 1383 935 1440 redimi
952 1383 1042 1441 volui·

231 1483 285 1543 sti.
307 1483 346 1540 Et
365 1484 476 1556 gratias
497 1485 608 1556 agimus
630 1481 690 1550 tibi.
712 1483 778 1556 quia
792 1483 852 1554 ipse
867 1481 957 1538 Filius
972 1482 1042 1552 tnus

238 1583 340 1640 iterum
370 1576 511 1640 ¹venturus
541 1582 586 1639 est
613 1582 641 1639 in
669 1580 760 1653 gloria
781 1579 940 1637 maiestatis
972 1597 1042 1638 suae

238 1681 351 1742 mittere
373 1681 546 1750 maledictos,
567 1682 614 1754 qni
631 1678 831 1753 poenitentiam
847 1694 902 1737 nnn
918 1679 1043 1751 egerunt

237 1779 270 1837 et
287 1780 315 1836 te
336 1795 392 1837 non
414 1780 616 1852 cognoverunt,
631 1780 659 1835 in
675 1779 767 1851 ignem
783 1778 929 1835 aeternnm
951 1778 981 1834 st
1001 1777 1044 1834 di·

237 1894 298 1935 nere
319 1877 458 1945 omnibus,
479 1879 526 1950 qui
548 1876 576 1934 te
597 1875 790 1949 cognoverunt
804 1876 833 1931 et
846 1875 1043 1932 adoraverunt

236 1976 266 2033 et
286 1976 337 2033 tibi
359 1976 520 2033 servierunt
540 1977 569 2032 in
592 1972 781 2046 poenitentia:
804 1974 912 2040 Venite,
928 1973 1041 2030 bersenti-

237 2075 277 2131 ctr'
291 2074 396 2132 Patris
415 2075 482 2145 mei,
492 2073 635 2144 percipite
648 2089 780 2144 repnum,
796 2072 876 2143 qnod
889 2070 972 2135 vobis
982 2087 1043 2142 pa·

236 2175 335 2237 ratem
354 2174 397 2229 est
417 2172 453 2228 ab
474 2156 587 2243 origine
607 2169 710 2226 mnndi
724 2166 779 2245 (3).

317 2269 356 2325 Et
376 2271 442 2342 qnia
463 2285 559 2327 omnes
574 2284 625 2326 nos
640 2268 734 2323 miseri
756 2267 785 2323 et
799 2267 960 2339 peccatores
982 2283 1041 2325 nnn

237 2384 335 2425 snmus
355 2367 433 2440 digni
454 2368 600 2425 nominare
621 2365 658 2433 te,
686 2365 853 2436 suppliciter
880 2381 1041 2433 exeramus

237 2466 270 2523 nt
284 2465 422 2523 Dominus
436 2465 533 2523 nester
547 2465 629 2522 Iesus
644 2462 776 2520 Christus
786 2463 877 2520 Filius
891 2464 960 2521 tuus
974 2464 1042 2521 dile·

236 2565 309 2632 ctus,
324 2564 357 2621 in
371 2580 429 2635 quo
442 2564 495 2620 tibi
506 2564 574 2620 bene
586 2560 761 2633 crispiacus
769 2559 825 2637 (4),
838 2578 894 2618 nna
905 2578 967 2619 enm
980 2562 1042 2634 Spi-

230 2773 232 2810 ³
299 2795 322 2852 1)
341 2794 390 2842 cn.
408 2793 467 2839 nen.
487 2792 509 2850 1,
526 2792 566 2838 se.
585 2794 609 2837 os
626 2792 649 2848 2,
668 2762 706 2840 15ss
750 2754 753 2763 ¹
803 2772 1030 2850 erroarissmse.

280 2876 323 2936 e)
342 2875 429 2922 nante.
447 2874 487 2932 25,
505 2872 544 2919 34.
803 2872 935 2941 ‹tr-natm.
956 2874 995 2932 m,
1012 2876 1038 2923 s.
