2284 3425
413 170 415 173 .
499 130 718 175 oioMonlelonns

216 402 221 410 ¹
311 425 352 485 H.
378 462 414 471 -
436 426 477 487 De
498 427 570 487 malo
591 427 716 505 propriae
737 427 899 487 voluntatis.

206 640 209 643 ·
288 616 372 696 Dixit
387 616 525 674 Dominus
539 616 576 673 ad
591 616 681 674 Adam
697 614 759 694 (lit
772 617 820 673 De
833 616 914 673 omni
928 616 1009 689 lione

203 714 342 787 peradisi
362 717 491 785 comede·
512 717 545 775 de
567 716 648 789 lieno
668 718 764 773 autem
784 714 921 773 scientiae
941 715 1010 772 boni

200 804 233 873 'et
253 815 326 873 enodi
346 831 381 871 ne
402 816 541 873 eomedas.
564 815 605 873 De
620 817 695 875 omni
710 831 777 887 ergo
791 815 870 887 ligno
886 814 1009 886 paradisi
1045 853 1057 881 .

193 978 195 983 ,
207 915 321 987 peterat
331 915 581 984 commonendam,
591 916 637 988 qui
651 915 705 987 (o),
714 914 779 971 dum
791 930 847 973 non
860 914 939 972 venit
948 930 1010 973 oon·

207 1012 253 1070 tra
274 1013 468 1080 obedientiam,
491 1028 546 1072 nen
570 1014 705 1085 peccavit.
726 1012 780 1069 Ille
801 1013 875 1070 enim
889 1012 1010 1071 eomedit

206 1111 239 1168 de
260 1112 340 1185 ligno
353 1112 485 1169 scientiae
501 1111 563 1169 boni
581 1112 634 1185 (b),
649 1112 695 1184 qui
712 1110 764 1168 sibi
780 1116 859 1168 suain
876 1110 1009 1167 voiunta-

207 1209 262 1267 tem
284 1211 453 1283 appropriat
467 1210 496 1267 et
510 1227 539 1267 se
554 1210 663 1267 exaltat
676 1209 709 1267 de
725 1209 816 1277 bonis,
831 1226 902 1282 qnae
918 1208 1010 1267 Domi·

206 1325 261 1365 nos
282 1308 350 1367 dieii
371 1307 400 1367 et
421 1309 557 1381 operatur¹
578 1310 605 1366 in
628 1308 705 1380 ipso;
727 1307 817 1365 etsie
838 1324 888 1379 per
909 1323 1009 1380 sogge·
1047 1391 1049 1396 Ι
1076 1336 1079 1338 Δ
1137 1265 1138 1318 i

207 1406 325 1465 stionem
348 1406 450 1464 diaboii
477 1407 505 1463 et
533 1407 788 1479 transgressionem
817 1405 943 1463 mandati
971 1404 1011 1462 fa·
1044 1444 1048 1449 -
1137 1409 1138 1416 ’

206 1506 282 1561 etum
305 1506 349 1561 est
370 1506 394 1561 ei
416 1520 528 1577 pomum
551 1505 685 1562 scientiae
700 1505 783 1573 mali3
799 1503 872 1561 unde
887 1502 1010 1575 oportet,

206 1602 278 1675 qnod
301 1603 442 1660 sustineat
463 1618 605 1675 poenam.x

232 1806 289 1866 III.
314 1843 351 1850 --
372 1807 413 1866 De
434 1806 558 1884 perfeeto
579 1815 609 1867 et
628 1807 791 1885 imperfoote
811 1805 979 1867 obedientia.

288 1996 363 2054 Dicit
384 1997 520 2056 Dominus
542 1998 569 2054 in
599 1996 755 2068 Evangelio
777 1995 837 2072 (2):
851 1996 921 2071 ,Qni
948 2013 1010 2054 non

205 2096 418 2152 renuntiaverit
438 2095 582 2167 omnibns
598 2112 674 2166 qnae
686 2096 823 2167 possidet,
838 2112 899 2153 non
907 2097 1010 2167 potest

205 2209 286 2251 mens
299 2209 358 2252 esse
369 2193 547 2265 diseipnlns;
558 2193 654 2269 et(3):
670 2194 727 2267 Qui
736 2193 862 2259 voluerit
876 2194 1007 2250 enimam

206 2307 291 2349 soom
311 2291 423 2348 soieom
444 2290 539 2360 faeere
557 2290 657 2362 perdet
677 2307 750 2348 eam.
773 2292 826 2349 lile
853 2290 936 2350 homo
966 2308 1006 2348 re·

206 2389 310 2462 linquit
321 2391 423 2457 omnia,
434 2405 506 2462 quae
519 2389 652 2462 possidet,
663 2390 693 2446 et
705 2389 797 2462 perdit
808 2406 910 2462 corpus
925 2407 1005 2447 suom

206 2488 235 2545 et
255 2489 389 2556 animam
401 2505 490 2554 snam,
506 2489 552 2560 qni
575 2505 604 2545 se
624 2489 715 2560 ipsunt
732 2488 824 2546 totum
840 2487 956 2560 praebet
970 2487 1006 2544 ad

271 2719 293 2776 1)
311 2719 368 2765 oen.
387 2719 410 2777 e,
431 2719 509 2765 lon.

268 2799 293 2856 e)
311 2799 415 2847 ouen
433 2800 471 2846 os.
642 2837 659 2855 ,
759 2799 783 2854 a)
801 2800 890 2848 netto.
911 2800 948 2858 lo,
966 2801 1007 2846 25.
1052 2859 1055 2862 Δ
