2284 3425
13 146 25 186 ?
71 191 73 200 r

159 55 174 90 ὗ
195 77 202 94 ι

220 199 256 240 no
276 199 457 252 curnrnmn,
479 198 557 250 ouon
577 199 664 240 uuum
685 199 728 240 ru.
751 197 843 243 nuum.
873 181 931 239 199

134 388 206 456 volo,
227 403 298 460 quae
321 387 472 445 meditatos
494 403 554 445 sum
579 389 606 444 in
628 387 709 446 corde
737 404 814 445 meo·
829 388 934 446 Allatis

134 487 265 559 protinus
285 501 356 559 quae
378 486 507 558 petierat,
523 486 622 543 scribit
638 503 721 543 manu
741 487 855 558 propria
876 486 935 543 lau-

133 584 183 642 des
205 583 255 642 Dei
276 584 305 642 et
327 583 420 652 verba,
443 601 514 656 quae
536 584 634 653 voluit,
657 587 685 642 ct
706 584 806 642 ultimo
828 583 935 642 henedi-

133 684 253 741 otionom
266 683 365 740 fratris
376 683 484 741 dicens:
502 684 603 755 Accipe
614 683 664 740 tibi
676 683 834 742 chartulam
851 682 933 739 istam

134 782 164 838 et
185 782 322 854 usquead
337 782 408 839 diem
425 781 524 840 mortis
539 781 605 838 tuae
619 782 762 840 custodias
775 761 935 853 diligenter.

135 881 266 953 Fugatur
287 877 383 937 stetim
407 881 497 937 omnis
519 879 657 949 tentati03
679 880 811 939 servatur
838 879 936 937 littero

136 981 165 1037 et
186 981 214 1036 in
233 979 379 1050 posterum
402 977 531 1036 mirande
552 978 682 1036 effecit».

217 1077 435 1152 hutographum
458 1077 542 1134 huius
568 1077 716 1135 chartulae
744 1094 848 1149 magna
875 1094 937 1134 cum

138 1177 297 1234 reverentie
317 1177 482 1234 asservatur
504 1177 537 1236 in,
554 1177 670 1234 ecclesia
691 1176 719 1232 S.
744 1176 885 1233 Francisci
899 1176 939 1232 ci·

139 1276 238 1333 vitatis
260 1275 437 1332 Assisicnsis.
453 1274 546 1333 Verba
567 1276 596 1332 in
617 1276 679 1347 ipso
699 1291 716 1331 a
739 1271 826 1332 irotro
848 1274 939 1332 Leone

137 1374 235 1432 addita
257 1373 337 1431 nobis
359 1373 544 1430 manifestant
565 1373 687 1445 tempus,
708 1388 763 1444 quo
783 1371 887 1429 factum
908 1372 939 1428 il·

103 1541 106 1546 Ι
138 1471 377 1530 laenocinium
400 1473 527 1543 margine
548 1473 621 1528 enim
644 1472 781 1543 superiori
803 1472 881 1528 illius
901 1470 940 1527 la·

131 1572 217 1638 ,teris
239 1572 267 1628 in
290 1587 344 1642 qno
372 1569 493 1628 habetur
521 1569 676 1628 benedictio
702 1568 801 1629 fratris
829 1569 940 1633 Leonis,

138 1669 274 1742 legimus:
303 1669 432 1727 «Beatus
453 1669 622 1728 Franciscus
643 1668 751 1727 duobus
772 1669 855 1726 annis
873 1668 941 1725 unte
978 1669 983 1676 '

140 1769 258 1827 mortem
281 1786 360 1826 suam
377 1768 441 1829 fecit
459 1768 704 1842 quadragesimam
720 1770 747 1824 in
762 1767 822 1826 loco
838 1767 941 1825 montis

141 1868 282 1925 Alvernae
310 1870 338 1925 in
370 1867 503 1926 honorem
536 1868 635 1925 heatae
667 1866 794 1938 Virginis
825 1866 940 1928 Mariae,

142 1968 242 2024 metris
272 1966 392 2033 Domini,
414 1966 442 2023 et
472 1966 544 2023 beati
568 1966 713 2024 Michaelis
733 1965 896 2037 archangeli
925 1981 942 2021 a

143 2065 213 2124 testo
228 2066 440 2137 Assumptionis
455 2066 569 2122 sanctae
585 2065 691 2121 Mariae
706 2064 832 2136 Virginis
854 2079 942 2134 usque

141 2165 175 2221 ad
198 2162 299 2223 festum
324 2165 415 2221 sancti
438 2164 584 2221 Michaelis
605 2162 783 2235 septembris.
809 2162 846 2218 m
868 2160 942 2219 lacta

143 2265 186 2321 est
207 2280 292 2336 snper
313 2280 375 2321 cum
398 2280 499 2321 manus
521 2262 649 2331 Domini3
672 2262 737 2334 post
758 2261 891 2317 visionem
914 2261 943 2316 et

142 2363 338 2420 allocutionem
354 2362 494 2434 seraphim
507 2362 536 2420 ct
551 2362 761 2433 impressionem
776 2359 943 2431 stigmatum

144 2461 248 2517 Christi
272 2462 298 2517 in
321 2477 436 2532 corpore
458 2477 508 2517 suo
529 2459 595 2517 fecit
617 2459 669 2517 has
697 2457 794 2515 laudes
822 2474 854 2513 or
888 2458 944 2514 alio

144 2558 232 2616 latero
253 2542 367 2616 chartae
389 2558 511 2630 scriptas
532 2559 560 2614 et
582 2575 667 2615 manu
682 2573 734 2614 sua
748 2555 864 2628 scripsit
882 2572 944 2627 gra·

144 2659 199 2713 tias
230 2674 318 2729 egens
349 2657 465 2715 Domino
498 2650 531 2713 de
560 2656 693 2714 beneficio
720 2656 773 2712 sibi
802 2654 945 2712 colluto».

144 2756 232 2813 Panlo
265 2755 339 2813 inira
367 2755 493 2813 additum
523 2758 580 2813 ost:
619 2755 749 2811 «Beatus
778 2754 946 2810 Franciscus

144 2854 260 2927 scripsit
281 2871 364 2912 muno
387 2872 438 2911 sna
461 2854 544 2911 istam
567 2854 785 2911 benedictionem
809 2851 877 2923 mihi¹
894 2851 946 2908 fra-
