2284 3425
191 200 228 257 14
480 219 698 261 sssoslslosss.

190 400 258 465 niini
273 408 365 467 nostri
386 409 452 467 Iesu
467 408 573 467 Christi
596 410 624 466 in
645 409 739 467 animo
759 409 790 467 ss
809 424 925 482 corpore
946 425 992 482 pa·

189 524 247 565 ssm
270 508 395 568 servant.

349 709 428 769 XVI.
453 745 490 755 -
511 710 552 770 Ds
574 709 713 771 munditia
732 710 831 771 sordis.

269 900 358 959 Beati
386 901 494 959 mundo
526 900 620 973 corde,
649 901 789 973 quoniam
816 901 874 973 Ipsi
898 898 992 959 Deum

189 998 326 1057 videbunt
340 998 395 1073 (l).
416 999 521 1058 Mundo
549 1000 632 1059 cords
651 999 725 1072 sunt
737 1000 793 1073 ¹qui
815 1000 928 1057 terrena
948 999 992 1057 ds·

161 1138 166 1141 -
190 1098 315 1169 spiciunt
334 1098 363 1155 st
383 1099 516 1159 caelestia
537 1099 679 1172 quaerunt
696 1099 726 1157 st
747 1115 857 1172 semper
874 1099 992 1157 adorare

188 1195 217 1253 et
232 1195 326 1254 videre
341 1196 490 1255 Dominum
508 1196 596 1255 Deum
612 1197 751 1255 visumst
770 1214 866 1255 verum
889 1196 993 1255 mundo

189 1295 270 1353 corde
291 1295 434 1353 sissimo
456 1312 511 1354 non
533 1296 685 1354 desistunt.

329 1496 424 1558 XVII.
449 1535 487 1543 —
508 1488 549 1558 Ds
570 1498 669 1558 humili
689 1516 767 1557 servo
788 1497 851 1557 Dsi.

269 1687 376 1778 Beatus
396 1687 444 1746 ills
466 1704 575 1755 servus
589 1688 637 1760 qui
658 1703 714 1747 non
735 1688 827 1762 magis
841 1704 871 1746 ss
885 1688 995 1748 exaltat

188 1786 221 1844 ds
237 1785 318 1855 bons,
333 1787 406 1860 quod
423 1787 559 1845 Dominus
573 1787 641 1844 dicit
655 1786 684 1844 si
694 1786 830 1859 operatur
841 1804 892 1860 per
902 1787 993 1856 illum,

189 1902 274 1958 quam
295 1885 369 1958 quod
390 1885 458 1943 dicii
485 1885 513 1944 si
541 1885 676 1959 operatur
698 1903 748 1958 pst
772 1885 870 1944 alium.
892 1885 994 1945 Pecsat

188 1983 280 2053 homo,
309 1984 355 2058 qui
386 1984 476 2058 magis
504 1985 568 2042 vult
588 1986 749 2057 reciperes
781 1987 907 2057 proximo
932 2001 992 2054 sus,

132 2087 137 2097 “
188 2099 273 2155 quam
294 2099 351 2141 non
373 2083 435 2142 vuli
451 2081 495 2160 (a)
518 2083 585 2141 dare
599 2083 632 2141 ds
654 2100 684 2141 ss
705 2083 824 2147 Domino
846 2083 913 2142 Deo.

293 2284 403 2344 XVIII.
429 2321 464 2328 -
487 2285 528 2345 De
549 2286 736 2364 compassione
756 2285 893 2364 proximi..

268 2473 374 2534 Beatus
395 2473 486 2543 homo,
508 2477 556 2548 qui
577 2476 700 2533 sustinet
722 2478 878 2548 proximum
909 2492 992 2533 suum

189 2574 341 2632 secundum
363 2590 446 2635 suam¹
460 2557 646 2647 fragilitatem
662 2575 691 2632 in
705 2590 746 2642 so,
762 2575 835 2648 quod
847 2572 891 2650 (b)
908 2574 995 2632 veliet

189 2674 324 2731 sustineri
346 2672 474 2745 abipso,
499 2672 521 2730 si
543 2673 572 2729 in
594 2673 732 2731 consimili
753 2690 820 2730 casu
841 2671 926 2730 sssei.

192 2807 351 2814 ψ..-

252 2885 276 2945 1)
296 2886 383 2934 masth.
402 2885 427 2943 s,
444 2887 467 2934 s.
