<?xml version="1.0" encoding="UTF-8"?>
<!DOCTYPE html PUBLIC "-//W3C//DTD XHTML 1.0 Transitional//EN"
    "http://www.w3.org/TR/xhtml1/DTD/xhtml1-transitional.dtd">
<html xmlns="http://www.w3.org/1999/xhtml" xml:lang="en" lang="en">
 <head>
  <title>
</title>
<meta http-equiv="Content-Type" content="text/html;charset=utf-8" />
  <meta name='ocr-system' content='tesseract 3.04.00' />
  <meta name='ocr-capabilities' content='ocr_page ocr_carea ocr_par ocr_line ocrx_word'/>
</head>
<body>
  <div class='ocr_page' id='page_1' title='image "bibliothecafran01romgoog_0180.png"; bbox 0 0 2284 3425; ppageno 0'>
   <div class='ocr_carea' id='block_1_1' title="bbox 176 165 735 233">
    <p class='ocr_par' dir='ltr' id='par_1_1' title="bbox 176 165 735 233">
     <span class='ocr_line' id='line_1_1' title="bbox 176 165 735 233; baseline 0 -8"><span class='ocrx_word' id='word_1_1' title='bbox 176 165 234 225; x_wconf 86' lang='lat' dir='ltr'><strong>loo</strong></span> <span class='ocrx_word' id='word_1_2' title='bbox 413 183 578 226; x_wconf 72' lang='lat' dir='ltr'><strong>reinnerus</strong></span> <span class='ocrx_word' id='word_1_3' title='bbox 597 184 735 233; x_wconf 80' lang='lat' dir='ltr'><strong>ceruleus.</strong></span> 
     </span>
    </p>
   </div>
   <div class='ocr_carea' id='block_1_2' title="bbox 295 477 854 558">
    <p class='ocr_par' dir='ltr' id='par_1_2' title="bbox 295 477 854 558">
     <span class='ocr_line' id='line_1_2' title="bbox 295 477 854 558; baseline -0.002 -19"><span class='ocrx_word' id='word_1_4' title='bbox 295 478 349 539; x_wconf 87' lang='lat' dir='ltr'><strong>IV.</strong></span> <span class='ocrx_word' id='word_1_5' title='bbox 372 477 418 539; x_wconf 82' lang='lat' dir='ltr'><strong>Ad</strong></span> <span class='ocrx_word' id='word_1_6' title='bbox 437 478 549 558; x_wconf 82' lang='lat' dir='ltr'><strong>regulas</strong></span> <span class='ocrx_word' id='word_1_7' title='bbox 570 478 687 538; x_wconf 83' lang='lat' dir='ltr'><strong>fratrum</strong></span> <span class='ocrx_word' id='word_1_8' title='bbox 708 477 854 538; x_wconf 88' lang='lat' dir='ltr'><strong>minorum.</strong></span> 
     </span>
    </p>
   </div>
   <div class='ocr_carea' id='block_1_3' title="bbox 175 668 982 2218">
    <p class='ocr_par' dir='ltr' id='par_1_3' title="bbox 175 668 980 1924">
     <span class='ocr_line' id='line_1_3' title="bbox 256 668 975 742; baseline -0.003 -15"><span class='ocrx_word' id='word_1_9' title='bbox 256 668 284 727; x_wconf 93' lang='lat'><strong>1.</strong></span> <span class='ocrx_word' id='word_1_10' title='bbox 306 669 389 727; x_wconf 78' lang='lat' dir='ltr'><strong>Teste</strong></span> <span class='ocrx_word' id='word_1_11' title='bbox 411 669 445 726; x_wconf 92' lang='lat' dir='ltr'><strong>D.</strong></span> <span class='ocrx_word' id='word_1_12' title='bbox 466 669 670 727; x_wconf 88' lang='lat' dir='ltr'><strong>Bouaventura</strong></span> <span class='ocrx_word' id='word_1_13' title='bbox 696 668 816 742; x_wconf 82' lang='lat' dir='ltr'><strong>aliisque</strong></span> <span class='ocrx_word' id='word_1_14' title='bbox 840 668 868 725; x_wconf 89' lang='lat' dir='ltr'><strong>S.</strong></span> <span class='ocrx_word' id='word_1_15' title='bbox 890 669 975 726; x_wconf 70' lang='lat' dir='ltr'><strong>lian-</strong></span> 
     </span>
     <span class='ocr_line' id='line_1_4' title="bbox 175 767 974 840; baseline -0.005 -14"><span class='ocrx_word' id='word_1_16' title='bbox 175 767 266 826; x_wconf 85' lang='lat' dir='ltr'><strong>eisous</strong></span> <span class='ocrx_word' id='word_1_17' title='bbox 287 767 331 825; x_wconf 88' lang='lat' dir='ltr'><strong>bis</strong></span> <span class='ocrx_word' id='word_1_18' title='bbox 353 767 479 840; x_wconf 86' lang='lat' dir='ltr'><strong>regulam</strong></span> <span class='ocrx_word' id='word_1_19' title='bbox 501 767 625 825; x_wconf 77' lang='lat' dir='ltr'><strong>fratrum</strong></span> <span class='ocrx_word' id='word_1_20' title='bbox 646 768 785 825; x_wconf 88' lang='lat' dir='ltr'><strong>minorum</strong></span> <span class='ocrx_word' id='word_1_21' title='bbox 799 767 974 840; x_wconf 87' lang='lat' dir='ltr'><strong>conscripsit.</strong></span> 
     </span>
     <span class='ocr_line' id='line_1_5' title="bbox 175 864 975 939; baseline -0.004 -15"><span class='ocrx_word' id='word_1_22' title='bbox 175 866 263 925; x_wconf 90' lang='lat' dir='ltr'><strong>Initio</strong></span> <span class='ocrx_word' id='word_1_23' title='bbox 284 883 351 924; x_wconf 91' lang='lat' dir='ltr'><strong>ruae</strong></span> <span class='ocrx_word' id='word_1_24' title='bbox 379 867 523 939; x_wconf 81' lang='lat' dir='ltr'><strong>religionis</strong></span> <span class='ocrx_word' id='word_1_25' title='bbox 548 882 691 924; x_wconf 80' lang='lat' dir='ltr'><strong>«cernens</strong></span> <span class='ocrx_word' id='word_1_26' title='bbox 719 865 843 923; x_wconf 80' lang='lat' dir='ltr'><strong>famulus</strong></span> <span class='ocrx_word' id='word_1_27' title='bbox 868 864 975 922; x_wconf 79' lang='lat' dir='ltr'><strong>Christi</strong></span> 
     </span>
     <span class='ocr_line' id='line_1_6' title="bbox 177 961 977 1038; baseline -0.004 -16"><span class='ocrx_word' id='word_1_28' title='bbox 177 965 314 1038; x_wconf 88' lang='lat' dir='ltr'><strong>paulatim</strong></span> <span class='ocrx_word' id='word_1_29' title='bbox 343 981 499 1023; x_wconf 78' lang='lat' dir='ltr'><strong>accrescere</strong></span> <span class='ocrx_word' id='word_1_30' title='bbox 532 981 680 1022; x_wconf 85' lang='lat' dir='ltr'><strong>numerum</strong></span> <span class='ocrx_word' id='word_1_31' title='bbox 712 963 835 1021; x_wconf 81' lang='lat' dir='ltr'><strong>fratrum</strong></span> <span class='ocrx_word' id='word_1_32' title='bbox 848 961 977 1035; x_wconf 83' lang='lat' dir='ltr'><strong>&#39;scripsit</strong></span> 
     </span>
     <span class='ocr_line' id='line_1_7' title="bbox 177 1060 975 1135; baseline -0.003 -15"><span class='ocrx_word' id='word_1_33' title='bbox 177 1062 229 1120; x_wconf 90' lang='lat' dir='ltr'><strong>sibi</strong></span> <span class='ocrx_word' id='word_1_34' title='bbox 251 1064 280 1122; x_wconf 89' lang='lat' dir='ltr'><strong>et</strong></span> <span class='ocrx_word' id='word_1_35' title='bbox 301 1063 439 1121; x_wconf 85' lang='lat' dir='ltr'><strong>fratribus</strong></span> <span class='ocrx_word' id='word_1_36' title='bbox 455 1063 514 1121; x_wconf 92' lang='lat' dir='ltr'><strong>suis</strong></span> <span class='ocrx_word' id='word_1_37' title='bbox 529 1063 705 1135; x_wconf 82' lang='lat' dir='ltr'><strong>simplicibus</strong></span> <span class='ocrx_word' id='word_1_38' title='bbox 721 1062 813 1120; x_wconf 85' lang='lat' dir='ltr'><strong>uerbis</strong></span> <span class='ocrx_word' id='word_1_39' title='bbox 828 1060 975 1120; x_wconf 81' lang='lat' dir='ltr'><strong>formulam</strong></span> 
     </span>
     <span class='ocr_line' id='line_1_8' title="bbox 177 1160 978 1236; baseline -0.002 -18"><span class='ocrx_word' id='word_1_40' title='bbox 177 1162 278 1220; x_wconf 76' lang='lat' dir='ltr'><strong>vitae»</strong></span> <span class='ocrx_word' id='word_1_41' title='bbox 305 1161 459 1235; x_wconf 80' lang='lat' dir='ltr'><strong>(Legenda,</strong></span> <span class='ocrx_word' id='word_1_42' title='bbox 487 1179 511 1220; x_wconf 90' lang='lat' dir='ltr'><strong>o.</strong></span> <span class='ocrx_word' id='word_1_43' title='bbox 539 1161 567 1218; x_wconf 90' lang='lat'><strong>3.</strong></span> <span class='ocrx_word' id='word_1_44' title='bbox 596 1178 624 1218; x_wconf 90' lang='lat' dir='ltr'><strong>n.</strong></span> <span class='ocrx_word' id='word_1_45' title='bbox 652 1160 704 1234; x_wconf 87' lang='grc'><strong>8.),</strong></span> <span class='ocrx_word' id='word_1_46' title='bbox 732 1177 817 1236; x_wconf 86' lang='lat' dir='ltr'><strong>qnam</strong></span> <span class='ocrx_word' id='word_1_47' title='bbox 844 1161 978 1218; x_wconf 88' lang='lat' dir='ltr'><strong>Innocen-</strong></span> 
     </span>
     <span class='ocr_line' id='line_1_9' title="bbox 177 1257 978 1332; baseline -0.002 -16"><span class='ocrx_word' id='word_1_48' title='bbox 177 1261 236 1318; x_wconf 91' lang='lat' dir='ltr'><strong>tius</strong></span> <span class='ocrx_word' id='word_1_49' title='bbox 250 1259 309 1318; x_wconf 93' lang='lat' dir='ltr'><strong>III.</strong></span> <span class='ocrx_word' id='word_1_50' title='bbox 324 1259 504 1332; x_wconf 86' lang='lat' dir='ltr'><strong>approbavit.</strong></span> <span class='ocrx_word' id='word_1_51' title='bbox 535 1259 687 1317; x_wconf 84' lang='lat' dir='ltr'><strong>‹Dilaiaio</strong></span> <span class='ocrx_word' id='word_1_52' title='bbox 701 1259 756 1316; x_wconf 86' lang='lat' dir='ltr'><strong>ianr</strong></span> <span class='ocrx_word' id='word_1_53' title='bbox 771 1258 868 1318; x_wconf 90' lang='lat' dir='ltr'><strong>ordino</strong></span> <span class='ocrx_word' id='word_1_54' title='bbox 881 1257 978 1315; x_wconf 82' lang='lat' dir='ltr'><strong>rolens</strong></span> 
     </span>
     <span class='ocr_line' id='line_1_10' title="bbox 178 1356 979 1431; baseline -0.002 -15"><span class='ocrx_word' id='word_1_55' title='bbox 178 1358 305 1431; x_wconf 86' lang='lat' dir='ltr'><strong>regulam</strong></span> <span class='ocrx_word' id='word_1_56' title='bbox 327 1374 359 1415; x_wconf 85' lang='lat' dir='ltr'><strong>ex</strong></span> <span class='ocrx_word' id='word_1_57' title='bbox 374 1357 521 1416; x_wconf 85' lang='lat' dir='ltr'><strong>verberum</strong></span> <span class='ocrx_word' id='word_1_58' title='bbox 537 1357 686 1430; x_wconf 81' lang='lat' dir='ltr'><strong>Evangelii</strong></span> <span class='ocrx_word' id='word_1_59' title='bbox 700 1356 903 1430; x_wconf 76' lang='lat' dir='ltr'><strong>aggregatione</strong></span> <span class='ocrx_word' id='word_1_60' title='bbox 917 1372 979 1426; x_wconf 84' lang='lat' dir='ltr'><strong>pro·</strong></span> 
     </span>
     <span class='ocr_line' id='line_1_11' title="bbox 178 1452 980 1528; baseline -0.007 -12"><span class='ocrx_word' id='word_1_61' title='bbox 178 1456 269 1516; x_wconf 84' lang='lat' dir='ltr'><strong>insius</strong></span> <span class='ocrx_word' id='word_1_62' title='bbox 290 1456 426 1513; x_wconf 87' lang='lat' dir='ltr'><strong>traditam</strong></span> <span class='ocrx_word' id='word_1_63' title='bbox 447 1455 770 1528; x_wconf 78' lang='lat' dir='ltr'><strong>adcompendiosiorem</strong></span> <span class='ocrx_word' id='word_1_64' title='bbox 788 1452 917 1523; x_wconf 81' lang='lat' dir='ltr'><strong>formum</strong></span> <span class='ocrx_word' id='word_1_65' title='bbox 937 1470 980 1511; x_wconf 85' lang='lat' dir='ltr'><strong>re·</strong></span> 
     </span>
     <span class='ocr_line' id='line_1_12' title="bbox 178 1553 980 1627; baseline -0.004 -15"><span class='ocrx_word' id='word_1_66' title='bbox 178 1553 303 1627; x_wconf 63' lang='lat' dir='ltr'><strong>digere..</strong></span> <span class='ocrx_word' id='word_1_67' title='bbox 315 1554 460 1612; x_wconf 83' lang='lat' dir='ltr'><strong>¹conscribi</strong></span> <span class='ocrx_word' id='word_1_68' title='bbox 482 1571 543 1612; x_wconf 90' lang='lat' dir='ltr'><strong>eam</strong></span> <span class='ocrx_word' id='word_1_69' title='bbox 558 1553 653 1621; x_wconf 79' lang='lat' dir='ltr'><strong>lecit..</strong></span> <span class='ocrx_word' id='word_1_70' title='bbox 668 1570 751 1627; x_wconf 91' lang='lat' dir='ltr'><strong>qnam</strong></span> <span class='ocrx_word' id='word_1_71' title='bbox 772 1570 822 1626; x_wconf 92' lang='lat' dir='ltr'><strong>per</strong></span> <span class='ocrx_word' id='word_1_72' title='bbox 843 1553 980 1610; x_wconf 87' lang='lat' dir='ltr'><strong>incuriam</strong></span> 
     </span>
     <span class='ocr_line' id='line_1_13' title="bbox 179 1650 980 1729; baseline 0 -21"><span class='ocrx_word' id='word_1_73' title='bbox 179 1651 349 1729; x_wconf 75' lang='lat' dir='ltr'><strong>perditam...</strong></span> <span class='ocrx_word' id='word_1_74' title='bbox 371 1653 463 1710; x_wconf 88' lang='lat' dir='ltr'><strong>instar</strong></span> <span class='ocrx_word' id='word_1_75' title='bbox 485 1653 589 1725; x_wconf 89' lang='lat' dir='ltr'><strong>prioris</strong></span> <span class='ocrx_word' id='word_1_76' title='bbox 610 1653 685 1710; x_wconf 86' lang='lat' dir='ltr'><strong>illico</strong></span> <span class='ocrx_word' id='word_1_77' title='bbox 707 1651 853 1726; x_wconf 88' lang='lat' dir='ltr'><strong>reperavit</strong></span> <span class='ocrx_word' id='word_1_78' title='bbox 873 1650 902 1708; x_wconf 90' lang='lat' dir='ltr'><strong>et</strong></span> <span class='ocrx_word' id='word_1_79' title='bbox 930 1667 980 1724; x_wconf 89' lang='lat' dir='ltr'><strong>per</strong></span> 
     </span>
     <span class='ocr_line' id='line_1_14' title="bbox 180 1749 978 1824; baseline -0.001 -15"><span class='ocrx_word' id='word_1_80' title='bbox 180 1767 283 1824; x_wconf 88' lang='lat' dir='ltr'><strong>papam</strong></span> <span class='ocrx_word' id='word_1_81' title='bbox 317 1750 473 1811; x_wconf 90' lang='lat' dir='ltr'><strong>Honorium</strong></span> <span class='ocrx_word' id='word_1_82' title='bbox 506 1750 629 1810; x_wconf 78' lang='lat' dir='ltr'><strong>obtinuit</strong></span> <span class='ocrx_word' id='word_1_83' title='bbox 655 1751 844 1810; x_wconf 83' lang='lat' dir='ltr'><strong>confirmari»</strong></span> <span class='ocrx_word' id='word_1_84' title='bbox 876 1749 927 1821; x_wconf 92' lang='lat' dir='ltr'><strong>(ib.</strong></span> <span class='ocrx_word' id='word_1_85' title='bbox 955 1767 978 1808; x_wconf 92' lang='lat' dir='ltr'><strong>c.</strong></span> 
     </span>
     <span class='ocr_line' id='line_1_15' title="bbox 179 1847 351 1924; baseline 0.017 -18"><span class='ocrx_word' id='word_1_86' title='bbox 179 1850 207 1906; x_wconf 89' lang='lat'><strong>4.</strong></span> <span class='ocrx_word' id='word_1_87' title='bbox 229 1865 257 1905; x_wconf 89' lang='lat' dir='ltr'><strong>n.</strong></span> <span class='ocrx_word' id='word_1_88' title='bbox 281 1847 351 1924; x_wconf 89' lang='lat'><strong>11.).</strong></span> 
     </span>
    </p>

    <p class='ocr_par' dir='ltr' id='par_1_4' title="bbox 179 1945 982 2218">
     <span class='ocr_line' id='line_1_16' title="bbox 259 1945 982 2021; baseline -0.003 -16"><span class='ocrx_word' id='word_1_89' title='bbox 259 1947 288 2005; x_wconf 87' lang='grc'><strong>2.</strong></span> <span class='ocrx_word' id='word_1_90' title='bbox 309 1946 423 2005; x_wconf 80' lang='lat' dir='ltr'><strong>Meiller</strong></span> <span class='ocrx_word' id='word_1_91' title='bbox 437 1948 466 2005; x_wconf 89' lang='lat' dir='ltr'><strong>et</strong></span> <span class='ocrx_word' id='word_1_92' title='bbox 482 1945 617 2005; x_wconf 72' lang='lat' dir='ltr'><strong>Subtilior</strong></span> <span class='ocrx_word' id='word_1_93' title='bbox 637 1948 753 2007; x_wconf 85' lang='lat' dir='ltr'><strong>tertiam</strong></span> <span class='ocrx_word' id='word_1_94' title='bbox 772 1948 881 2006; x_wconf 87' lang='lat' dir='ltr'><strong>addunt</strong></span> <span class='ocrx_word' id='word_1_95' title='bbox 901 1963 982 2021; x_wconf 90' lang='lat' dir='ltr'><strong>regu·</strong></span> 
     </span>
     <span class='ocr_line' id='line_1_17' title="bbox 179 2044 982 2121; baseline 0 -18"><span class='ocrx_word' id='word_1_96' title='bbox 179 2046 236 2103; x_wconf 90' lang='lat' dir='ltr'><strong>lem</strong></span> <span class='ocrx_word' id='word_1_97' title='bbox 258 2063 374 2118; x_wconf 88' lang='lat' dir='ltr'><strong>eamque</strong></span> <span class='ocrx_word' id='word_1_98' title='bbox 404 2044 491 2104; x_wconf 86' lang='lat'><strong>1221.</strong></span> <span class='ocrx_word' id='word_1_99' title='bbox 513 2046 696 2117; x_wconf 88' lang='lat' dir='ltr'><strong>compositam</strong></span> <span class='ocrx_word' id='word_1_100' title='bbox 726 2064 786 2104; x_wconf 88' lang='lat' dir='ltr'><strong>esse</strong></span> <span class='ocrx_word' id='word_1_101' title='bbox 813 2047 911 2104; x_wconf 89' lang='lat' dir='ltr'><strong>dicunt</strong></span> <span class='ocrx_word' id='word_1_102' title='bbox 924 2044 982 2121; x_wconf 85' lang='lat'><strong>(1).</strong></span> 
     </span>
     <span class='ocr_line' id='line_1_18' title="bbox 181 2141 980 2218; baseline 0.004 -19"><span class='ocrx_word' id='word_1_103' title='bbox 181 2143 220 2200; x_wconf 84' lang='lat' dir='ltr'><strong>At</strong></span> <span class='ocrx_word' id='word_1_104' title='bbox 241 2145 335 2218; x_wconf 86' lang='lat' dir='ltr'><strong>inepte</strong></span> <span class='ocrx_word' id='word_1_105' title='bbox 356 2144 527 2217; x_wconf 66' lang='lat' dir='ltr'><strong>loquentum</strong></span> <span class='ocrx_word' id='word_1_106' title='bbox 551 2144 659 2217; x_wconf 85' lang='lat' dir='ltr'><strong>regula,</strong></span> <span class='ocrx_word' id='word_1_107' title='bbox 681 2161 765 2217; x_wconf 90' lang='lat' dir='ltr'><strong>quam</strong></span> <span class='ocrx_word' id='word_1_108' title='bbox 789 2161 864 2202; x_wconf 89' lang='lat' dir='ltr'><strong>auno</strong></span> <span class='ocrx_word' id='word_1_109' title='bbox 893 2141 980 2202; x_wconf 85' lang='lat'><strong>1221.</strong></span> 
     </span>
    </p>
   </div>
   <div class='ocr_carea' id='block_1_4' title="bbox 181 2242 1127 2334">
    <p class='ocr_par' dir='ltr' id='par_1_5' title="bbox 181 2242 1127 2334">
     <span class='ocr_line' id='line_1_19' title="bbox 181 2242 1127 2334; baseline -0.001 -36"><span class='ocrx_word' id='word_1_110' title='bbox 181 2242 272 2299; x_wconf 85' lang='lat' dir='ltr'><strong>ortam</strong></span> <span class='ocrx_word' id='word_1_111' title='bbox 293 2258 355 2300; x_wconf 86' lang='lat' dir='ltr'><strong>esse</strong></span> <span class='ocrx_word' id='word_1_112' title='bbox 376 2242 486 2310; x_wconf 87' lang='lat' dir='ltr'><strong>volunt,</strong></span> <span class='ocrx_word' id='word_1_113' title='bbox 507 2259 562 2300; x_wconf 90' lang='lat' dir='ltr'><strong>nou</strong></span> <span class='ocrx_word' id='word_1_114' title='bbox 585 2243 629 2299; x_wconf 88' lang='lat' dir='ltr'><strong>est</strong></span> <span class='ocrx_word' id='word_1_115' title='bbox 650 2259 723 2301; x_wconf 84' lang='lat' dir='ltr'><strong>nova</strong></span> <span class='ocrx_word' id='word_1_116' title='bbox 745 2242 793 2301; x_wconf 88' lang='lat' dir='ltr'><strong>sed</strong></span> <span class='ocrx_word' id='word_1_117' title='bbox 816 2242 875 2309; x_wconf 91' lang='lat' dir='ltr'><strong>illa,</strong></span> <span class='ocrx_word' id='word_1_118' title='bbox 896 2258 982 2313; x_wconf 87' lang='lat' dir='ltr'><strong>quam</strong></span> <span class='ocrx_word' id='word_1_119' title='bbox 1077 2256 1082 2263; x_wconf 88' lang='lat'><strong>·</strong></span> <span class='ocrx_word' id='word_1_120' title='bbox 1126 2323 1127 2334; x_wconf 10' lang='grc' dir='ltr'>ἵ</span> 
     </span>
    </p>
   </div>
   <div class='ocr_carea' id='block_1_5' title="bbox 181 2338 984 2512">
    <p class='ocr_par' dir='ltr' id='par_1_6' title="bbox 181 2338 984 2512">
     <span class='ocr_line' id='line_1_20' title="bbox 181 2338 984 2413; baseline 0 -16"><span class='ocrx_word' id='word_1_121' title='bbox 181 2338 365 2397; x_wconf 89' lang='lat' dir='ltr'><strong>Innocentius</strong></span> <span class='ocrx_word' id='word_1_122' title='bbox 379 2338 437 2397; x_wconf 95' lang='grc' dir='ltr'>ΙΙΙ.</span> <span class='ocrx_word' id='word_1_123' title='bbox 451 2340 635 2412; x_wconf 82' lang='lat' dir='ltr'><strong>approbavit,</strong></span> <span class='ocrx_word' id='word_1_124' title='bbox 649 2357 704 2399; x_wconf 90' lang='lat' dir='ltr'><strong>uon</strong></span> <span class='ocrx_word' id='word_1_125' title='bbox 722 2340 833 2413; x_wconf 85' lang='lat' dir='ltr'><strong>quidem</strong></span> <span class='ocrx_word' id='word_1_126' title='bbox 848 2339 875 2396; x_wconf 93' lang='lat' dir='ltr'><strong>in</strong></span> <span class='ocrx_word' id='word_1_127' title='bbox 892 2338 984 2397; x_wconf 80' lang='lat' dir='ltr'><strong>forma</strong></span> 
     </span>
     <span class='ocr_line' id='line_1_21' title="bbox 181 2436 984 2512; baseline 0.001 -18"><span class='ocrx_word' id='word_1_128' title='bbox 181 2453 233 2495; x_wconf 84' lang='lat' dir='ltr'><strong>sua</strong></span> <span class='ocrx_word' id='word_1_129' title='bbox 255 2438 399 2510; x_wconf 88' lang='lat' dir='ltr'><strong>primaria,</strong></span> <span class='ocrx_word' id='word_1_130' title='bbox 421 2455 493 2512; x_wconf 89' lang='lat' dir='ltr'><strong>quae</strong></span> <span class='ocrx_word' id='word_1_131' title='bbox 514 2440 569 2497; x_wconf 87' lang='lat' dir='ltr'><strong>iam</strong></span> <span class='ocrx_word' id='word_1_132' title='bbox 592 2439 679 2509; x_wconf 87' lang='lat' dir='ltr'><strong>deest,</strong></span> <span class='ocrx_word' id='word_1_133' title='bbox 699 2439 747 2497; x_wconf 88' lang='lat' dir='ltr'><strong>sed</strong></span> <span class='ocrx_word' id='word_1_134' title='bbox 768 2439 861 2496; x_wconf 87' lang='lat' dir='ltr'><strong>inille</strong></span> <span class='ocrx_word' id='word_1_135' title='bbox 882 2436 984 2512; x_wconf 80' lang='lat' dir='ltr'><strong>forma,</strong></span> 
     </span>
    </p>
   </div>
   <div class='ocr_carea' id='block_1_6' title="bbox 183 2696 987 2920">
    <p class='ocr_par' dir='ltr' id='par_1_7' title="bbox 183 2696 987 2920">
     <span class='ocr_line' id='line_1_22' title="bbox 224 2696 987 2772; baseline 0.003 -31"><span class='ocrx_word' id='word_1_136' title='bbox 224 2763 228 2772; x_wconf 31' lang='lat'><em>&#39;</em></span> <span class='ocrx_word' id='word_1_137' title='bbox 248 2696 270 2754; x_wconf 81' lang='lat' dir='ltr'><strong>l}</strong></span> <span class='ocrx_word' id='word_1_138' title='bbox 289 2696 382 2755; x_wconf 83' lang='lat' dir='ltr'><strong>llbller,</strong></span> <span class='ocrx_word' id='word_1_139' title='bbox 400 2697 508 2756; x_wconf 77' lang='lat' dir='ltr'><strong>unlenge</strong></span> <span class='ocrx_word' id='word_1_140' title='bbox 524 2698 564 2745; x_wconf 84' lang='lat' dir='ltr'><strong>des</strong></span> <span class='ocrx_word' id='word_1_141' title='bbox 577 2696 793 2744; x_wconf 85' lang='lat' dir='ltr'><strong>llinuriteuordeus</strong></span> <span class='ocrx_word' id='word_1_142' title='bbox 804 2697 851 2743; x_wconf 90' lang='lat' dir='ltr'><strong>und</strong></span> <span class='ocrx_word' id='word_1_143' title='bbox 862 2696 903 2742; x_wconf 89' lang='lat' dir='ltr'><strong>der</strong></span> <span class='ocrx_word' id='word_1_144' title='bbox 914 2696 987 2743; x_wconf 87' lang='lat' dir='ltr'><strong>Buss-</strong></span> 
     </span>
     <span class='ocr_line' id='line_1_23' title="bbox 183 2776 987 2838; baseline 0.002 -15"><span class='ocrx_word' id='word_1_145' title='bbox 183 2777 387 2836; x_wconf 83' lang='lat' dir='ltr'><strong>brnderschaiten,</strong></span> <span class='ocrx_word' id='word_1_146' title='bbox 405 2777 520 2836; x_wconf 80' lang='lat' dir='ltr'><strong>Freiburg</strong></span> <span class='ocrx_word' id='word_1_147' title='bbox 540 2778 608 2835; x_wconf 83' lang='lat'><strong>1885,</strong></span> <span class='ocrx_word' id='word_1_148' title='bbox 620 2791 669 2838; x_wconf 80' lang='lat' dir='ltr'><strong>pag</strong></span> <span class='ocrx_word' id='word_1_149' title='bbox 679 2778 702 2825; x_wconf 81' lang='lat'><strong>4.</strong></span> <span class='ocrx_word' id='word_1_150' title='bbox 715 2790 793 2834; x_wconf 57' lang='grc' dir='ltr'><strong>ωαψς</strong></span> <span class='ocrx_word' id='word_1_151' title='bbox 810 2776 929 2834; x_wconf 72' lang='lat' dir='ltr'><strong>Sabatina,</strong></span> <span class='ocrx_word' id='word_1_152' title='bbox 941 2776 987 2825; x_wconf 71' lang='lat' dir='ltr'><strong>tle</strong></span> 
     </span>
     <span class='ocr_line' id='line_1_24' title="bbox 183 2856 844 2920; baseline -0.002 -16"><span class='ocrx_word' id='word_1_153' title='bbox 183 2858 211 2904; x_wconf 88' lang='lat' dir='ltr'><strong>de</strong></span> <span class='ocrx_word' id='word_1_154' title='bbox 228 2856 252 2905; x_wconf 91' lang='lat' dir='ltr'><strong>S.</strong></span> <span class='ocrx_word' id='word_1_155' title='bbox 270 2857 384 2920; x_wconf 73' lang='lat' dir='ltr'><strong>Fruucois</strong></span> <span class='ocrx_word' id='word_1_156' title='bbox 400 2858 520 2917; x_wconf 73' lang='lat' dir='ltr'><strong>d&#39;dssise,</strong></span> <span class='ocrx_word' id='word_1_157' title='bbox 540 2858 615 2918; x_wconf 86' lang='lat' dir='ltr'><strong>Paris,</strong></span> <span class='ocrx_word' id='word_1_158' title='bbox 633 2872 688 2918; x_wconf 80' lang='lat' dir='ltr'><strong>pag.</strong></span> <span class='ocrx_word' id='word_1_159' title='bbox 705 2858 761 2905; x_wconf 79' lang='lat'><strong>288.</strong></span> <span class='ocrx_word' id='word_1_160' title='bbox 779 2872 844 2916; x_wconf 84' lang='lat' dir='ltr'><strong>seqq.</strong></span> 
     </span>
    </p>
   </div>
   <div class='ocr_carea' id='block_1_7' title="bbox 0 0 1162 3425">
    <p class='ocr_par' dir='ltr' id='par_1_8' title="bbox 0 0 1162 3425">
     <span class='ocr_line' id='line_1_25' title="bbox 0 0 1162 3425; baseline 0 0"><span class='ocrx_word' id='word_1_161' title='bbox 0 0 1162 3425; x_wconf 95' lang='lat' dir='ltr'><strong> </strong></span> 
     </span>
    </p>
   </div>
  </div>
 </body>
</html>
