2284 3425
283 171 414 212 orrrcrun
435 171 578 212 russrorus
598 171 709 212 nonrnr.
837 154 892 211 131

171 361 315 420 Foderunt
336 361 403 418 ante
424 360 521 419 faciem
545 377 634 418 meam
657 360 781 418 foveam:
804 363 833 419 et
851 363 895 418 in-

82 457 219 516 ciderunt
240 461 268 516 in
290 475 360 518 eam.

157 557 307 616 'Paratum
343 574 390 616 cor
421 575 522 626 oneum,
557 557 642 630 Deus,
679 557 811 630 paratum
846 574 894 617 cor

84 673 197 715 rneunn:
219 657 339 714 cantabo
361 657 390 714 et
411 657 550 730 psalmum
572 656 673 721 dican

162 755 308 829 Exsurge,
328 757 421 829 gloria
442 773 512 820 mea,
533 773 662 829 exsurge,
682 755 848 828 psalterium
865 756 894 812 ct

84 853 215 913 cithara:
238 872 388 928 exsurgam
409 855 542 913 diluculo.

172 952 332 1011 Confitebor
353 953 404 1010 tibi
427 955 455 1010 in
478 945 750 1026 populis,1)omine';
772 952 801 1010 et
816 952 893 1024 psal-

87 1067 165 1108 nuum
189 1045 402 1108 dieam'tibtin
423 1049 566 1123 gentibus.
623 1099 625 1103 .
936 1038 938 1041 ’

171 1146 307 1215 Quoniam
337 1147 518 1221 magnificata
546 1153 591 1205 est
618 1165 707 1220 usque
734 1148 770 1205 ed
802 1148 894 1206 caelos

87 1246 280 1305 misericordia
302 1247 367 1303 tua:
389 1249 418 1304 et
439 1263 526 1319 usque
548 1246 584 1303 ad
605 1247 694 1304 nubes
708 1247 814 1311 veritas
834 1249 892 1306 tua.

170 1343 306 1402 Exeltare
321 1361 406 1417 super
420 1345 521 1413 coeloe,
534 1345 625 1402 Deus:
641 1345 671 1402 et
682 1359 767 1416 super
781 1361 889 1403 ornnem

87 1443 197 1500 terram
218 1443 311 1515 gloria
332 1444 391 1501 tue.

391 1608 437 1669 Au
458 1609 590 1676 Tertium.
666 1643 670 1653 .

170 1762 243 1825 Aac.
265 1764 369 1821 Sancta
391 1764 490 1822 Maria.

416 1898 567 1957 Psulmus.

169 2032 303 2091 Miserere
324 2033 387 2099 mei,
411 2032 494 2100 Deus,
515 2032 646 2104 quoniam
661 2032 836 2089 conculcavit
849 2050 892 2089 me

91 2132 187 2190 homo:
210 2131 271 2190 tota
292 2132 336 2191 die
357 2132 529 2203 impugnans
550 2130 701 2188 tribulavit
721 2148 774 2189 me.

171 2230 416 2289 Conculcaverunt
429 2247 472 2287 me
487 2231 591 2287 inimici
606 2230 658 2287 mei
674 2230 735 2287 tote
749 2230 806 2287 die:
821 2242 890 2302 uuo-

92 2331 164 2387 niam
188 2330 269 2386 multi
293 2328 431 2386 bellantes
452 2328 602 2386 adversum
624 2345 677 2385 me.

70 2408 72 2421 ’
169 2426 273 2485 Omnes
294 2429 396 2484 inimici
421 2428 472 2485 mei
491 2426 640 2485 adversum
664 2445 706 2483 nie
727 2427 902 2500 cogitabant>

92 2527 165 2584 melu
188 2526 270 2584 mihi:
287 2527 409 2583 uerbum
425 2527 551 2598 iniquum
571 2526 783 2584 constituerunt
796 2526 892 2583 adver·

93 2642 152 2683 sune
173 2642 225 2682 me.
747 2611 751 2615 ’

170 2723 223 2793 Qui
244 2724 441 2782 custodiebant
462 2725 586 2781 aninrarn
615 2741 721 2782 meum:
742 2724 890 2781 consilium

94 2820 217 2881 lecerunt
238 2824 266 2879 in
289 2840 386 2899 unum.
487 2834 489 2837 ·
