2284 3425
255 282 291 323 nu
313 281 447 324 anouuru
469 281 599 324 sonouuu
620 283 644 324 s.
666 281 784 324 cusona.
865 264 921 324 171

710 385 924 394 ——-——..-

121 489 188 546 pore
209 488 300 545 osque
313 487 394 532 nnuc
406 472 590 530 laudabiliter
604 472 827 531 observaverunt
838 471 883 554 (l)
895 497 924 530 s.

121 570 163 628 lix
184 571 287 644 quibus
302 570 395 628 verbis
407 571 483 629 clare
498 573 684 644 perspicimus
697 588 792 629 errare
808 572 926 644 scripto·

121 686 177 738 res,
205 671 252 742 qui
273 686 335 727 cnm
361 668 519 743 Waddingo
540 671 660 743 aliisque
680 671 788 744 dicunt,
809 671 835 728 S.
859 670 923 728 Ola-

121 784 182 826 ram
204 784 279 826 anno
302 766 389 826 1224.
418 769 545 842 regulam
575 769 679 827 dictam
707 770 865 828 deseruisse
892 763 923 826 a'c

121 867 207 924 aliam
233 884 250 924 a
278 867 306 924 S.
327 867 477 926 Francisco
505 866 641 940 scriptam
670 885 730 925 esse
759 867 923 940 professam.

121 965 233 1024 Novam
255 966 381 1039 regulam
405 965 505 1024 sancta
525 967 607 1040 virgo
625 967 737 1025 nonnisi
752 968 826 1024 eirca
840 967 923 1025 finem

123 1065 198 1122 uitae
220 1064 418 1132 souchetum,
448 1065 559 1138 quando
588 1065 772 1123 Innocentius
797 1066 849 1124 IV.
870 1066 924 1138 ipsi

123 1163 167 1220 die
188 1163 215 1219 9.
239 1163 457 1237 augusti1253.
480 1164 609 1236 regulam
629 1163 819 1233 confirmauit,
840 1182 924 1237 quam

123 1264 186 1335 ipsa
207 1279 240 1320 ex
267 1263 375 1335 regulis
403 1263 526 1320 fratrum
551 1264 692 1321 minorum
720 1263 749 1320 et
772 1264 926 1321 cardinalis

123 1361 260 1434 Hugelini
281 1363 471 1434 composuisse
494 1361 605 1419 videtur
620 1361 675 1438 (2),

204 1460 232 1516 3.
255 1461 288 1518 In
311 1477 372 1533 cap.
396 1462 447 1519 Vl.
475 1460 560 1519 huius
588 1462 703 1534 regulae
724 1461 751 1518 S.
774 1461 858 1518 Clara
880 1478 926 1520 no·

123 1559 167 1618 bis
188 1559 266 1616 aliud
291 1558 410 1617 tradidit
438 1560 586 1632 scriptum,
611 1560 685 1633 quod
706 1560 733 1617 S.
758 1560 927 1617 Franciscns

123 1658 177 1732 ipsi
200 1657 376 1728 transmisit3
399 1658 486 1717 refert
506 1658 539 1717 de
561 1659 674 1717 sancto:
701 1658 766 1716 «Ut
787 1674 925 1731 nusquam

123 1756 328 1815 declinaremus
349 1774 367 1814 a
389 1757 568 1815 sanctissima
588 1757 769 1829 pauper-tate,
784 1774 869 1830 quam
883 1774 926 1814 ce·

125 1857 228 1928 pimus,
242 1872 293 1913 nec
307 1856 390 1914 etiam
413 1872 484 1929 qnae
507 1856 571 1928 post
592 1872 644 1914 nos
665 1856 803 1913 venturae
822 1855 927 1923 essent,

126 1954 210 2026 panio
231 1954 297 2011 anto
326 1954 542 2012 obitumsnum
572 1954 675 2011 iterum
703 1954 819 2025 scripsit
847 1953 928 2011 nobis

125 2053 255 2110 ultimam
285 2053 461 2110 voluntatem
490 2069 570 2110 suam
600 2053 710 2109 dicens:
738 2052 807 2124 ‚Ege
838 2050 928 2109 frater

125 2150 329 2207 Franciscus‘»
355 2152 418 2218 otc„
440 2167 527 2222 supra
550 2167 615 2223 pag.
638 2150 676 2207 74
691 2148 747 2224 (3).

206 2249 235 2305 4.
258 2249 319 2305 Duo
341 2250 448 2322 scripta
469 2249 606 2306 edidimus
627 2266 659 2306 ex
681 2248 760 2305 bulla
786 2248 928 2321 originali.

191 2392 213 2449 l)
233 2390 282 2437 Gir.
302 2390 442 2448 Bullnrium,
460 2392 478 2438 l.
496 2405 516 2437 c.
534 2404 589 2450 psg.
608 2390 663 2437 315.

188 2471 213 2530 2)
231 2472 322 2529 Regula
338 2469 440 2518 habetur
456 2471 480 2519 iu
498 2471 639 2531 Seraphime
662 2468 823 2528 legislationis
847 2472 929 2517 textus

126 2551 264 2609 originales,
282 2566 336 2611 pag.
354 2553 393 2598 le.
411 2566 476 2610 seqq.
494 2579 524 2587 -
541 2554 574 2599 De
591 2551 669 2599 initiis
684 2554 710 2599 et
725 2550 814 2608 regulis
824 2564 928 2598 sororum

126 2632 151 2679 S.
170 2631 253 2679 Clarae
269 2632 320 2679 iuss
337 2632 389 2689 agit
406 2632 541 2689 Lerirmens,
559 2632 602 2678 Die
618 2632 727 2687 nnmnge
742 2631 783 2677 des
800 2630 928 2678 Clarisseu·

126 2715 221 2770 ordene,
239 2712 263 2759 in
280 2713 403 2760 Rdnrische
420 2712 617 2771 Questalschrift‚
635 2714 654 2759 t.
667 2713 730 2759 xvi.
743 2726 798 2771 pag.
811 2712 850 2758 93.
863 2725 928 2768 seqq.

190 2794 214 2851 3)
232 2794 259 2839 In
275 2795 420 2841 testamento
435 2807 477 2840 sno
493 2793 517 2840 S.
536 2793 607 2841 Claro
623 2794 651 2840 ds
666 2792 691 2839 S.
709 2791 836 2839 Francisco
856 2791 928 2838 dieii:

131 2875 236 2921 «Plura
255 2875 353 2934 scripio
369 2876 437 2922 nobis
455 2874 580 2921 tradidit»
601 2873 752 2934 (Seraphicae
767 2872 930 2931 legislationis

128 2958 211 3003 textus
228 2955 367 3016 originales,
386 2970 431 3017 pag
448 2957 526 3016 tid),
544 2969 604 3014 quae
622 2955 668 3002 iem
685 2954 863 3003 desiderantur.
