2284 3425
516 206 629 247 REGULA
649 206 670 247 1.

274 394 378 453 Omnes
393 396 498 453 fratres
519 396 656 454 studeant
675 396 755 455 honis
770 396 902 468 operibus
916 398 995 455 insu·

193 493 270 563 dare,
281 496 348 567 qnia
362 495 499 568 scripturn
514 494 559 552 est
567 492 626 571 (1);
642 495 776 567 «Semper
790 494 875 553 facito
888 496 993 569 aliquid
1062 526 1067 532 ,
1131 521 1135 533 ·

194 592 258 651 beni
274 595 377 666 operis,
392 594 425 651 ut
439 592 569 673 diabolos
590 594 618 650 te
639 594 767 650 inveniat
781 593 992 666 occupatum»;

193 692 222 749 et
233 692 335 749 iternm
345 690 405 769 (2):
419 691 578 749 «Otiositas
588 692 701 749 inimica
712 693 756 749 est
767 694 914 749 animae».
926 692 992 750 Ideo
1015 689 1019 692 ’

192 792 267 847 servi
289 790 338 848 Dei
361 807 471 863 semper
492 791 613 849 orationi
636 790 678 847 vel
701 792 784 847 aiicni
813 790 901 848 honae
929 807 993 863 ope·

193 888 296 946 rationi
317 890 448 945 insistere
469 888 580 945 dehent.

273 986 399 1044 deveant
420 986 471 1043 sibi
495 985 797 1059 fratres,ubicn1nqne
826 985 941 1060 inerint,
963 988 990 1044 in

191 1084 291 1141 eternis
313 1085 356 1142 vei
378 1085 541 1171 calistonis,
556 1085 631 1157 qnod
646 1086 755 1142 nullum
770 1085 862 1143 iocum
877 1083 929 1143 sibi
944 1101 992 1156 ap·
1058 1111 1061 1115 ⁸

191 1183 339 1255 propriant
360 1200 410 1241 nac
430 1183 514 1241 alicui
535 1182 697 1241 defendant.
718 1183 757 1239 Et
775 1184 941 1257 quicumque
955 1183 992 1240 ad
1072 1228 1076 1233 .

191 1298 237 1339 eos
258 1282 367 1339 venerit
387 1283 494 1339 anricus
515 1282 560 1341 vel
582 1282 772 1354 adversariae,
787 1282 892 1339 furzrel
906 1283 991 1350 latro,

170 1380 310 1458 ¹henigne
332 1380 494 1453 recipiatur.
516 1380 554 1437 nt
575 1379 742 1453 ubicumque
761 1382 830 1438 sunt
844 1381 949 1438 fratres
963 1382 993 1437 et

139 1490 141 1494 '
190 1480 218 1535 in
241 1496 414 1551 quocumque
436 1480 496 1538 ioco
516 1496 546 1537 se
567 1480 737 1547 invenerint,
760 1479 949 1551 spiritualiter
963 1480 993 1536 et

189 1576 340 1649 diiigenter
361 1577 481 1635 debeant
502 1594 531 1633 se
554 1580 676 1635 revereri
697 1578 727 1634 et
746 1577 885 1635 honorare
899 1577 934 1635 ad
949 1578 992 1634 in·
1033 1580 1037 1586 '

184 1675 276 1756 ,ricem
291 1676 353 1734 sine
368 1676 602 1734 murmuratione
614 1675 669 1749 (3).
684 1676 722 1733 Et
736 1663 855 1733 careant
869 1676 922 1734 sihi
937 1675 991 1734 fra·

189 1775 257 1841 tres,
273 1775 345 1847 qnod
367 1791 422 1832 non
438 1791 467 1830 se
483 1775 636 1832 ostendant
651 1775 748 1832 tristes
770 1775 944 1832 extrinsecos
962 1775 991 1832 et

188 1872 332 1931 nubilosos
354 1872 518 1944 hypocritas
533 1871 594 1948 (c);
617 1873 664 1929 sed
693 1872 846 1930 ostendant
870 1890 900 1930 se
919 1889 991 1945 gan·

187 1971 286 2028 dentes
307 1971 334 2028 in
358 1969 476 2029 Domino
498 1970 527 2027 et
547 1970 653 2028 hilares
667 1971 696 2028 et
709 1971 907 2029 cornanienter
927 1987 991 2043 gra·

190 2068 277 2127 tiosos
293 2068 348 2144 (4).

252 2309 274 2365 l)
292 2307 400 2364 Hieron,
419 2307 497 2366 Epist.
519 2308 571 2352 125.
591 2307 662 2365 (alins
679 2307 715 2367 4.)
733 2321 756 2352 n.
778 2308 814 2354 ll.

161 2430 164 2436 .
249 2389 273 2446 2)
292 2389 408 2445 Ansehn„
427 2388 504 2446 Epist.
523 2389 562 2434 49.

249 2469 310 2526 311.
330 2469 393 2515 Patr.
412 2469 435 2525 4,
453 2469 477 2514 9.

248 2550 272 2607 4)
292 2549 340 2596 Cir.
358 2549 388 2595 ΙΙ.
408 2547 456 2596 Cet.
480 2550 502 2595 3.
526 2549 568 2595 68:
596 2551 660 2596 «Pro
680 2549 787 2607 generati
808 2549 989 2596 commonitione

187 2630 210 2676 in
228 2631 324 2686 qundnnr
342 2628 446 2688 capitulo
463 2628 533 2674 scribi
551 2629 609 2676 fecit
626 2631 682 2676 haec
699 2631 782 2684 verha3
802 2630 925 2688 ,deveant
941 2629 987 2675 ira·

185 2712 247 2766 tres,
270 2724 297 2755 ne
319 2723 343 2755 se
364 2709 493 2756 ostendant
512 2709 659 2756 extrinsecus
676 2710 836 2757 nubilososet
852 2709 988 2769 hypocritas

185 2788 279 2846 tristes,
297 2790 337 2836 sed
353 2790 480 2836 ostendant
497 2804 522 2837 sa
539 2790 669 2847 gaudentes
685 2791 710 2836 in
727 2791 834 2843 Domino.
852 2791 942 2837 hilares
963 2794 987 2837 et

186 2870 298 2916 iucundos
315 2873 339 2917 et
355 2869 521 2917 convenienter
538 2870 672 2927 gratiosos‘
685 2888 709 2916 r.
