2284 3425
343 196 476 240 orrrcrnn
497 198 639 240 vrssrcnrs
660 199 770 241 ncnrnr.
901 182 960 240 127

544 460 570 518 I.

355 641 359 648 ’
412 643 457 706 Ac
478 644 703 724 ssompletorium.
751 729 752 734 η

238 804 309 866 Aee.
330 808 434 866 Sancta
455 809 546 867 Maria
568 809 666 882 Virgo.

459 991 462 996 .
482 942 633 1003 Pontinos.

238 1076 314 1134 Deus
334 1077 423 1134 vitam
445 1093 534 1134 incarn
556 1078 726 1134 annuntiavi
748 1076 815 1134 tibi:
839 1077 959 1150 posuisti

156 1175 298 1248 lacrymas
321 1192 397 1234 meas
418 1176 446 1233 in
468 1177 621 1248 conspectu
642 1175 702 1234 tuo.

236 1271 340 1344 Omnes
361 1274 464 1331 inimici
487 1274 538 1330 mei
560 1273 711 1330 adversum
734 1289 777 1330 nro
795 1271 960 1345 cogitabant

155 1370 233 1428 mata
254 1370 338 1428 mihi:
360 1372 506 1429 consilium
527 1371 657 1439 iecerunt
677 1372 705 1428 in
729 1387 825 1429 orrum.

237 1468 276 1526 Et
297 1469 452 1544 posuerunt
472 1470 622 1527 adversum
645 1487 688 1526 nre
707 1469 782 1528 mala
797 1485 847 1542 pro
863 1467 959 1526 bonis:

155 1567 298 1627 etodium
322 1584 373 1640 pro
394 1565 542 1627 dilectione
564 1585 635 1626 rnea.

237 1665 293 1726 Pro
313 1683 354 1735 eo,
376 1666 409 1725 nt
429 1683 472 1725 me
492 1666 653 1741 diligerent,
668 1664 857 1726 detrahebant
874 1665 958 1723 mihi:

155 1782 208 1839 ego
229 1766 323 1823 autern
346 1766 473 1825 orabam.

236 1864 275 1921 Mi
297 1864 383 1923 Pater
405 1864 511 1932 sancte,
533 1864 594 1922 Rex·
613 1864 682 1947 caeli
697 1864 726 1921 ct
740 1864 842 1932 terrae,
857 1880 892 1921 ne
907 1862 960 1921 dis·

155 1964 274 2021 cessoris
293 1980 310 2020 a
332 1980 391 2021 rne:
413 1964 545 2036 quoniam
575 1962 722 2021 tribulatio
751 1963 878 2035 proxima
906 1962 959 2030 est,
1044 1990 1049 1998 ι

155 2061 185 2119 et
205 2077 261 2120 non
283 2063 395 2136 estqui
416 2062 541 2121 adiuvet.

238 2159 446 2219 convertentur
467 2161 571 2218 inimici
594 2160 647 2217 rnci
669 2160 835 2228 retrorsum,
851 2160 878 2216 in
894 2176 960 2233 qua·

155 2274 273 2331 cumque
288 2257 331 2315 die
352 2259 518 2317 invocavero
541 2260 583 2316 te:
604 2274 663 2317 ecce
685 2258 811 2333 cognovi,
827 2259 957 2331 quoniam

155 2356 233 2414 Dens
254 2372 332 2414 meus
353 2373 393 2414 cs.

236 2455 325 2512 Amici
347 2456 400 2513 rnei
422 2456 451 2513 et
472 2456 591 2528 proximi
614 2457 665 2512 mei
685 2456 836 2514 adversum
852 2470 894 2512 me
909 2472 960 2526 ap-

155 2553 417 2626 propinquaverunt
437 2553 466 2610 et
487 2554 645 2614 steterunt:
668 2553 696 2611 et
717 2555 836 2627 proximi
859 2554 910 2610 moi
926 2553 959 2613 dc

154 2650 238 2725 longe
260 2652 411 2709 steterunt.

114 2815 119 2825 ⁴
235 2749 331 2824 Longe
346 2750 435 2824 iecisti
451 2751 534 2809 notos
548 2766 625 2809 moos
640 2767 656 2807 a
677 2767 729 2818 me,
746 2750 901 2823 posuerunt
916 2767 958 2808 mc

154 2846 391 2908 abominationem
401 2848 673 2907 sibi:traditussum
683 2849 712 2906 et
722 2865 777 2909 non
787 2848 958 2922 egrediebar.
