2284 3425
136 315 939 388 eoeesoemzm
996 356 998 361 -

328 982 330 987 .
378 895 599 1030 Qpietolo
635 897 699 1032 Q.
794 915 807 943 ‘

282 1202 368 1285 Quem
389 1211 467 1272 misit
487 1211 522 1271 ed
543 1231 637 1272 omnes
658 1212 796 1273 custodes.

142 1471 293 1532 Universos
314 1475 480 1534 custodibus
495 1473 627 1554 fratrum
641 1475 799 1548 micorum,
815 1476 855 1533 cd
868 1491 940 1547 quoe
1027 1527 1032 1540 ,.

218 1572 332 1630 litterae
352 1574 426 1632 istae
436 1575 631 1647 pervenerint,
646 1571 941 1646 freterFrcociscce‚

218 1671 251 1729 c'n
272 1672 401 1730 Domino
422 1672 485 1731 Deo
510 1674 601 1731 vester
621 1687 721 1731 servus
742 1674 769 1729 et
784 1671 940 1745 parvulos,

216 1769 342 1828 salutem
363 1787 428 1827 cum
456 1772 538 1829 novis
562 1772 657 1845 siccis
684 1770 756 1828 coeii
780 1774 808 1827 et
837 1772 945 1842 terroe·

218 1885 292 1939 quae
312 1886 421 1941 macno
442 1872 469 1926 et
496 1870 736 1927 excellentissime
763 1871 832 1926 sunt
860 1869 943 1941 opud

217 1963 378 2026 Dominum
399 1971 427 2025 et
446 1985 465 2024 c
482 1968 586 2025 multis
604 1965 750 2040 reliyios'is
764 1970 791 2023 et
805 1965 875 2024 aliis
890 1968 941 2024 ho·

209 2064 340 2123 ecinibus
360 2066 485 2123 minimo
505 2068 691 2138 reputantur.

217 2288 297 2360 Rogo
327 2304 378 2346 vos
405 2289 470 2361 plus
497 2305 582 2361 quam
610 2287 644 2345 de
672 2306 715 2345 me
743 2288 813 2360 ipso,
841 2287 939 2360 queto-

136 2403 201 2454 nus‚
223 2403 286 2443 cum
308 2386 387 2443 decet
407 2387 436 2443 et
458 2386 585 2443 videritis
607 2387 745 2459 expedire,
766 2387 875 2444 clericis
889 2386 941 2444 hu-

136 2484 243 2543 militer
264 2485 441 2557 supplicetis,
462 2485 535 2557 quod
557 2486 768 2558 sanctissimum
790 2502 892 2557 corpus
913 2484 942 2542 ot

136 2583 305 2656 sanguinem
328 2582 439 2641 Domini
461 2584 551 2641 nostri
574 2584 640 2641 Iesu
665 2584 770 2642 Christi
793 2584 821 2641 et
842 2584 941 2641 sancte

135 2681 251 2739 nomine
272 2681 301 2739 et
322 2682 408 2739 verba
433 2684 493 2740 eius
522 2683 639 2754 scripte,
661 2698 733 2755 quae
761 2681 942 2740 sanctificant

135 2795 249 2852 corpus,
272 2797 357 2853 super
385 2782 479 2838 omnia
506 2781 628 2838 debeant
657 2782 795 2838 venerari.
825 2780 941 2849 Calices

135 2878 304 2951 corporolia,
326 2878 494 2937 ornamento
515 2878 617 2936 alteris
633 2880 661 2937 ct
675 2880 777 2947 emilie,
793 2896 863 2952 quae
878 2896 941 2951 per-
