2284 3425
248 148 305 219 mx.
327 174 363 219 nr
385 172 475 218 narro
496 172 531 218 an
553 171 609 217 ner
630 165 719 217 serre
740 172 837 217 snum.
906 144 943 215 15

221 434 300 497 XIX.
325 470 361 481 -
382 435 424 496 De
445 434 526 495 beato
547 443 577 495 et
596 454 651 495 nen
672 433 753 495 beate
774 454 862 495 serre.

220 590 326 648 Beatus
341 607 450 659 servus,
465 589 512 663 qui
524 590 618 648 omnia
633 588 705 648 bena
720 606 772 646 sua
788 588 879 646 reddit
894 588 945 647 De·

140 692 216 748 mine
232 690 304 758 lle03
320 690 386 762 quia
407 689 454 761 qui
477 688 529 745 sibi
544 687 651 761 aliquid
666 688 817 746 retinuerit
830 687 945 745 abscon·

142 788 186 845 dit
206 788 233 844 in
256 804 284 845 se
295 784 451 859 pecuniam
466 785 578 843 domini
591 787 639 844 sui
651 785 705 863 (1),
720 785 750 844 et
764 784 844 857 qued
853 788 943 856 putat

140 886 253 959 tatere,
276 884 427 955 auferetur
448 885 483 943 ab
505 885 563 963 eo(
585 887 609 959 ).

240 1060 302 1121 XX.
327 1062 427 1122 -De
448 1062 518 1122 bene
539 1068 569 1121 et
589 1061 687 1121 humili
707 1060 847 1139 religioso.

220 1216 326 1273 Beatus
348 1232 456 1284 servus,
478 1216 526 1289 qui
548 1232 602 1273 nen
631 1216 709 1273 tenet
733 1232 762 1271 se
791 1204 941 1283 meliorem,

138 1314 250 1387 quando
273 1314 472 1397 magnificatur
493 1314 522 1371 et
542 1314 687 1371 exaltatur
712 1313 749 1371 ab
774 1313 943 1381 hominibus,

139 1413 222 1472 sicuti
243 1413 354 1487 quando
376 1414 489 1471 tenetur
510 1413 575 1471 uilis
595 1414 624 1470 et
647 1414 765 1486 simplex
793 1412 822 1469 et
849 1412 944 1485 despe-

137 1512 218 1583 etus3
239 1514 315 1585 quia,
336 1512 474 1587 qnantum
497 1513 541 1569 est
562 1511 645 1571 homo
671 1528 764 1569 eoram
777 1504 779 1507 ’
794 1512 861 1580 Deo,
883 1512 944 1568 tan·

138 1602 266 1669 tnm'est
286 1612 314 1670 et
335 1628 390 1670 non
420 1612 485 1683 plus
500 1610 555 1688 (3).
578 1610 636 1669 Vae
665 1611 705 1668 iili
734 1611 873 1684 religiose,
895 1610 943 1681 qui

37 1745 41 1754 ·
138 1708 175 1767 ab
195 1710 259 1769 aliis
282 1712 392 1784 pesitus
413 1710 457 1769 est
478 1713 506 1768 in
528 1710 588 1768 alto
608 1710 638 1768 et
660 1727 709 1783 per
737 1727 817 1768 suam
845 1709 944 1767 velun-

140 1807 228 1865 tatem
251 1798 317 1868 nun⁸
328 1810 391 1867 rnlt
413 1809 588 1867 descendere.
603 1807 642 1865 Et
656 1807 757 1866 beatus
772 1809 819 1866 ille
834 1825 943 1873 servus,

139 1907 186 1992 qui
208 1922 262 1965 nen
290 1923 339 1979 per
368 1925 447 1965 suam
477 1907 653 1966 voluntatem
684 1907 799 1979 ponitur
826 1908 854 1964 in
883 1907 943 1964 alto

137 2003 167 2062 et
188 2021 298 2077 semper
318 2005 459 2064 desideret
480 2005 595 2063 subesse
618 2005 734 2077 pedibus
754 2005 898 2077 alierum(
922 2003 943 2079 ).

231 2178 309 2238 XXI.
335 2214 371 2222 -
392 2179 433 2239 De
454 2178 535 2240 beate
557 2187 586 2239 et
607 2199 677 2240 rane
699 2179 840 2258 religiose.

218 2332 324 2390 Beatus
344 2332 392 2391 ille
414 2334 573 2406 religiosus,
594 2335 641 2406 qui
664 2351 719 2392 nen
741 2333 827 2391 habet
849 2336 942 2393 iueun·

136 2431 256 2488 ditatem
277 2431 306 2488 et
326 2431 464 2490 laetitiam
487 2432 541 2489 nisi
563 2432 592 2488 in
615 2432 804 2490 sanctissimis
825 2435 943 2506 eloquiis
1023 2423 1027 2427 ’

140 2547 300 2556 ——---..——

167 2659 173 2673 ι
202 2598 225 2658 l)
243 2599 331 2646 lluttlr.
350 2600 390 2658 25,
411 2600 447 2646 18.
741 2601 768 2660 2)
785 2601 841 2648 Luc.
859 2602 883 2660 8,
904 2603 940 2648 18.

198 2679 221 2738 3)
241 2677 290 2726 cn.
308 2681 409 2737 Bonam,
427 2680 538 2738 Legenda
555 2681 579 2727 S.
599 2681 687 2729 Frune.
705 2695 726 2728 e.
745 2682 769 2728 6.
787 2696 812 2728 n.
831 2682 858 2728 l:
878 2682 942 2728 «Sed

134 2759 160 2806 et
177 2759 272 2806 verbum
289 2761 332 2808 hoe
348 2760 426 2809 dicere
443 2761 529 2809 solitus
545 2765 614 2810 erat:
635 2765 765 2820 ‚quantum
783 2765 850 2808 homo
866 2763 941 2810 estin

134 2837 213 2886 oeulis
231 2838 281 2898 Dei,
300 2842 393 2888 tentum
411 2843 490 2889 estet
507 2855 553 2888 nen
571 2843 624 2901 plus
637 2846 643 2868 ⁸
655 2859 686 2900 2„
