2284 3425
356 261 488 304 ossismos
508 261 651 304 Passionis
671 261 783 305 nomm.
910 243 967 304 147

550 514 586 572 V.

279 697 325 759 Ad
345 699 495 777 Vosporom
516 699 545 758 in
566 698 720 760 Nativitoto
740 700 860 760 Domini.

249 871 323 932 Aoi.
344 871 447 930 Saucia
470 871 568 928 Maria.

490 1007 644 1064 Psalmus.

250 1140 400 1198 Exsullaio
422 1141 480 1198 Deo
501 1140 622 1198 adiutori
645 1140 758 1199 nostro:
781 1141 897 1199 iubilaio
920 1142 972 1200 Do·

168 1241 245 1297 mino
267 1239 324 1296 Doo
346 1240 410 1298 vivo
430 1238 459 1295 oi
480 1255 546 1323 yoro
567 1240 595 1296 in
618 1255 684 1296 voco
705 1239 914 1297 exsulialionis.

250 1336 386 1406 Quoniam
411 1337 547 1395 Dominus
575 1338 709 1405 excelsus,
738 1337 889 1396 torribilis:
914 1339 971 1394 Rex

167 1451 291 1508 magnus
313 1452 398 1507 sopor
418 1451 528 1494 omnem
551 1436 666 1492 loriam.

243 1533 320 1602 ‘Quia
336 1535 532 1592 sanctissimus
543 1533 631 1590 Palas
644 1534 678 1590 do
692 1535 778 1603 caelo,
793 1535 850 1592 Rex
866 1536 972 1603 nostor,

167 1631 237 1689 anto
257 1633 370 1689 saecula
391 1632 469 1688 misit
483 1617 616 1690 dilooium
631 1632 734 1690 Filium
750 1649 832 1690 snum
847 1633 881 1690 de
895 1634 970 1692 allo:

167 1733 197 1789 oi
219 1732 305 1789 natus
327 1731 382 1788 full
403 1731 436 1787 do
458 1731 540 1788 beata
561 1732 679 1803 Virgine
701 1732 800 1789 sancta
822 1732 922 1790 Maria.

251 1828 317 1901 Ipso
339 1827 482 1892 invocabit
496 1845 555 1885 mo:
577 1828 663 1886 Pater
678 1846 756 1887 mous
771 1847 801 1887 es
815 1832 863 1888 iu:
878 1831 907 1888 el
921 1818 972 1904 ogo

168 1928 389 2001 primogenitum
413 1943 513 1998 ponam
536 1927 627 1995 illum,
649 1928 788 1985 excelsum
811 1946 879 2001 pras
900 1931 973 2003 rogi·

168 2026 222 2084 bus
244 2026 345 2082 torrae,

250 2124 285 2181 In
307 2123 357 2180 illa
378 2122 421 2180 dio
444 2122 591 2179 mandavit
613 2122 750 2181 Dominus
765 2124 842 2182 Dous
865 2127 974 2183 miseri-

168 2222 291 2281 cordiam
315 2238 411 2279 soam:
434 2221 462 2277 oi
483 2221 563 2280 nocie
584 2221 725 2279 canticum
746 2223 815 2283 olus.

250 2320 328 2377 Haoo
349 2319 393 2376 ost
414 2319 482 2386 dies,
498 2335 582 2391 qoam
605 2318 670 2377 lecit
684 2320 838 2380 Dominus:
854 2323 974 2379 exsulto·

168 2436 233 2477 mus
254 2418 282 2477 ol
302 2418 442 2475 laetemur
463 2418 490 2474 in
514 2435 554 2475 oa.

250 2517 321 2585 Quia
336 2517 532 2573 sanctissimus
551 2533 621 2588 puer
635 2516 755 2575 dilectos
769 2517 855 2580 dolus
868 2520 913 2576 osi
927 2536 974 2577 no-

168 2617 212 2674 bis
234 2617 263 2673 oi
284 2615 370 2673 nolus
393 2614 447 2671 loll
468 2630 520 2685 pro
541 2614 623 2673 nobis
645 2616 673 2672 in
696 2617 742 2673 via
762 2617 791 2673 oi
813 2618 923 2688 posiius
945 2619 972 2676 in

169 2714 332 2788 praesepio:
354 2714 490 2785 quianon
512 2712 639 2772 habebat.
656 2714 747 2772 looum
766 2714 794 2771 in
809 2715 974 2774 divorsorio.

250 2812 347 2869 Gloria
368 2811 396 2866 in
416 2810 564 2869 altissimis
580 2811 699 2868 Dommo
722 2812 794 2871 Doo:
810 2814 839 2870 oi
853 2816 881 2871 in
897 2814 975 2873 terra

169 2930 226 2988 pax
246 2908 408 2969 hominibus
431 2908 519 2968 bonae
540 2910 709 2969 volontatis.
