2284 3425
188 191 226 247 96
291 204 294 211 ’
490 198 637 250 ‘anrsroun
658 209 679 249 1.

188 398 307 467 diabolo,
322 401 389 472 quia
409 402 517 474 corpori
540 365 620 458 dulce
639 401 684 458 est
698 400 789 458 faeere
804 401 945 473 peceatum
961 400 991 458 et

187 515 315 555 amarum
338 501 444 556 serviro
463 498 532 566 Deo,
547 500 613 572 qnia
627 500 721 578 omnia
742 501 812 558 vitia
832 500 862 556 ot
877 499 990 570 peocata

187 599 222 657 de
241 597 325 655 eorde
346 597 473 656 hominis
492 601 596 655 exeunt
616 601 644 656 et
660 599 832 670 procedunt,
854 598 927 656 sieut
947 597 989 655 oi-

186 696 261 753 eitur
282 697 311 752 in
333 697 478 769 evangelio
493 696 548 768 (1),

267 793 305 850 nt
333 793 403 851 nihil
431 793 495 852 boni
527 794 640 852 habetis
667 796 695 852 in
726 794 778 856 hoe
805 796 916 854 saeculo
943 812 986 854 ne·

186 909 240 964 que
265 894 295 950 in
321 892 427 951 futuro.
455 893 571 952 Putatis
599 894 646 951 diu
676 895 817 967 possidere
845 894 987 954 vanitates

186 991 272 1048 huius
305 992 419 1057 saeculi,
454 992 502 1050 sed
536 993 644 1065 decepti
680 993 758 1060 estis,
793 995 860 1066 qnia
895 992 988 1052 veniet

186 1090 246 1147 dies
273 1090 302 1146 et
329 1090 409 1158 hora,
437 1091 471 1148 de
492 1092 594 1164 quibus
617 1109 671 1150 non
694 1093 827 1164 cogitatis
847 1092 876 1149 et
903 1093 988 1150 nesei-

187 1189 225 1244 tis
251 1189 282 1245 et
308 1190 457 1261 ignoratis.
485 1190 655 1249 Infirmatur
687 1207 798 1262 eorpus,
832 1207 907 1249 mors
942 1207 988 1262 ap·

187 1288 369 1360 propinquat,
398 1289 516 1345 veniunt
545 1291 694 1362 propinqui
728 1289 757 1346 et
788 1290 870 1348 arniei
899 1290 987 1348 dioen-

187 1386 245 1442 tes:
267 1386 392 1458 Dispone
414 1387 473 1444 tua.
495 1387 533 1444 Et
554 1403 624 1445 uxor
645 1374 704 1444 eius
726 1388 754 1446 et
776 1387 826 1446 filii
841 1389 911 1460 eius,
927 1404 987 1460 pro

187 1484 286 1557 pinqui
307 1486 335 1541 et
355 1486 435 1542 amioi
452 1484 567 1558 fingunt
581 1485 671 1558 flere(
694 1485 715 1563 ).
730 1485 768 1542 Et
783 1488 935 1558 respiciens
950 1488 987 1544 vi·

186 1582 234 1639 det
247 1599 294 1640 eos
308 1581 409 1640 tientes
423 1584 452 1640 et
468 1585 595 1642 movetur
610 1585 684 1642 nialo
704 1585 781 1652 motu
797 1585 825 1642 et
839 1585 987 1658 cogitando

187 1681 264 1739 intra
284 1698 315 1739 se
335 1681 418 1739 dicit:
440 1681 665 1750 Eeee‚·animam
687 1683 716 1741 ot
736 1698 839 1756 eorpus
854 1700 943 1764 meum
959 1683 988 1741 et

186 1782 279 1839 omnia
308 1798 369 1838 mea
391 1797 463 1853 pono
484 1782 513 1837 in
541 1783 670 1846 mortibus
696 1784 809 1840 nostrin.
830 1782 911 1855 Vere,
933 1782 988 1841 isto

95 1912 98 1917 ·
186 1878 269 1946 homo
283 1880 327 1936 est
349 1879 524 1947 maledictus,
546 1880 593 1951 qui
614 1880 730 1938 confidit
751 1882 780 1937 et
799 1882 914 1953 exponit
930 1882 988 1938 ani-

186 1995 259 2035 mam
276 1995 356 2035 suam
370 1978 400 2035 ot
413 1994 516 2051 eorpus
526 1978 659 2037 etomnia
670 1995 721 2037 soa
736 1981 763 2036 in
779 1979 886 2037 talibus
900 1980 989 2038 mani·

186 2078 248 2135 bus.
263 2078 342 2135 Unde
357 2078 425 2135 dicit
439 2078 577 2135 Dominus
593 2094 643 2150 per
658 2077 824 2150 prophetam
839 2076 896 2151 (2):
917 2078 988 2135 Mu-

187 2176 410 2244 ledictushomo,
422 2175 649 2251 postponendo)
664 2177 695 2233 in
703 2176 826 2233 homine.
839 2177 877 2233 Et
887 2174 987 2235 statim

153 2273 156 2278 ’
185 2274 293 2332 faciunt
315 2276 409 2332 uenire
434 2275 624 2344 sacerdotem
646 2275 674 2331 et
700 2274 767 2333 dicit
788 2274 811 2331 ei
841 2275 985 2333 sacerdos:

186 2374 237 2430 Vis
258 2372 380 2445 recipere
407 2373 609 2445 poenitentiam
638 2372 671 2430 de
703 2372 833 2430 omnibus
866 2375 988 2444 peccatis

185 2472 264 2528 tois?
284 2470 460 2543 Respondet;
485 2471 565 2529 Volo.
588 2471 638 2529 Vis
666 2470 828 2529 satisfacere
856 2472 889 2529 de
916 2488 988 2530 eom·

187 2570 281 2627 missis
301 2570 331 2626 et
350 2570 396 2627 his
415 2586 486 2643 quae
502 2570 641 2627 fraudasti
660 2571 687 2627 et
701 2570 834 2643 decepisti
850 2570 987 2639 homines,

102 2711 105 2716 ⁴
187 2669 260 2725 sicut
288 2669 377 2741 potes,
405 2669 438 2725 de
466 2670 517 2726 tua
545 2668 708 2726 substantia
724 2669 785 2743 (e)?
809 2668 986 2741 Respondet:

190 2804 349 2811 ———-

251 2881 272 2939 1)
292 2879 380 2927 naeth.
401 2880 437 2939 15,
458 2881 495 2928 19.
580 2886 584 2894 '
762 2881 786 2939 2]
804 2881 886 2928 leram.
906 2882 944 2940 17,
962 2882 986 2929 5.
