2284 3425
253 213 464 256 ruerunannun
484 214 508 256 s.
529 214 631 283 Pnoups
653 207 808 257 annueram.
898 197 933 253 79

132 404 219 462 verba
233 405 329 462 divina
350 404 483 463 debemus
503 405 643 464 bonorare
664 406 693 462 et
714 406 843 463 venerari
863 405 936 462 sieut

130 504 179 575 qui
200 503 368 563 ministrant
388 503 469 562 nobis
490 503 624 576 spiritum
646 503 675 561 et
694 503 781 560 vitam
799 502 854 579 (1).

212 601 260 669 m,
276 602 425 675 postquam
442 601 580 660 Dominus
601 600 678 659 dedit
693 600 762 658 mihi
783 600 815 658 de
837 599 936 658 fratri-

131 698 195 768 bus,
217 716 299 759 nemo
319 699 486 758 ostendebat
507 699 584 769 mibi,
599 700 666 772 quid
687 699 814 757 deberem
830 698 935 767 sacere;

14 800 18 845 i
131 798 180 856 sed
201 799 262 870 ipse
283 798 451 856 Altissim'us
474 797 613 858 revelavit
628 798 705 864 mihi,
721 797 793 870 quod
808 797 935 855 deberem

130 898 233 954 vivere.
248 896 400 955 secundum
423 897 543 955 formam
561 898 652 955 sancti
667 897 817 968 Evangelii
829 896 884 969 (2).
899 893 937 952 Et

130 1012 184 1069 ego
199 997 297 1069 paucis
308 996 402 1053 verbis
416 997 446 1052 et
457 996 625 1068 simpliciter
637 996 687 1054 feci
699 995 781 1055 scribi
792 996 840 1068 ;et
853 995 937 1052 domi-

131 1111 187 1152 nus
198 1111 274 1167 papa
285 1094 465 1152 confirmavit
477 1093 555 1150 mihi.
567 1094 605 1151 nt
620 1095 662 1152 illi
677 1095 724 1166 qni
737 1092 887 1150 veniebant
900 1093 935 1149 ad

123 1193 322 1266 'recipiendam
344 1193 432 1251 vitam
454 1189 538 1250 istam
553 1189 608 1268 (u),
624 1193 727 1260 omnia,
742 1209 814 1265 quae
835 1190 937 1248 babere

134 1291 278 1371 poterant,
296 1291 405 1349 dabant
427 1289 600 1364 pauperibus
615 1292 644 1347 et
658 1290 741 1348 erant
755 1289 880 1349 contenti
895 1289 937 1345 tu·
976 1342 978 1345 ,

131 1391 195 1448 nica
216 1407 274 1448 una
293 1390 372 1448 intus
385 1390 414 1447 et
428 1389 497 1448 foris
511 1390 661 1461 repedate,
677 1390 724 1462 qni
741 1389 874 1447 volebant
885 1386 936 1462 (b),

131 1505 194 1546 eum
209 1487 324 1561 cingulo
338 1489 367 1545 et
380 1487 498 1546 braccis
513 1487 551 1543 Et
564 1486 730 1546 nolebamus
745 1487 810 1559 plus
824 1485 937 1543 habere.
973 1529 977 1539 .

114 1642 117 1646 .
213 1585 342 1666 Officium
371 1586 531 1644 dicebamus
558 1586 652 1644 clerici
685 1586 835 1643 secundnm
866 1585 937 1642 alius

131 1685 260 1753 ciericos
281 1685 346 1743 laici
368 1683 498 1743 dicebant
519 1685 612 1743 Pater
632 1685 748 1754 nostem
766 1683 794 1741 et
815 1684 887 1741 satis
908 1683 937 1741 li·
958 1707 964 1729 r

131 1784 233 1841 benter
253 1783 438 1854 manebamus
453 1784 481 1840 in
500 1784 634 1841 ecclesiis.
649 1783 688 1840 Et
702 1800 814 1870 eramus
835 1782 937 1840 idiotae

131 1883 162 1939 et
183 1882 289 1939 subditi
312 1881 450 1939 omnibus.
472 1881 510 1939 Et
530 1898 582 1955 ego
611 1881 741 1938 manibus
766 1883 835 1943 meis
862 1881 937 1937 labo·

132 1980 232 2037 rabam
254 1981 283 2038 et
303 1981 368 2039 volo
382 1980 528 2049 laborare;
551 1979 580 2037 et
594 1992 690 2038 omnes
709 1980 756 2036 alii
773 1980 877 2037 fratres
891 1978 937 2035 fir·

131 2080 218 2136 miter
240 2078 302 2136 reio
324 2077 397 2151 quod
419 2078 550 2136 laborent
570 2077 604 2135 de
624 2077 767 2149 iaboritio,
781 2076 854 2149 quod
878 2094 937 2149 per·
1020 2100 1022 2103 ·

14 2185 15 2254 J
130 2175 208 2235 tinet
227 2175 263 2233 ad
292 2175 480 2235 honestatem.
502 2176 555 2245 Qui
583 2176 713 2233 nesciunt
740 2175 860 2243 discant,
881 2191 936 2232 non

132 2274 253 2348 propter
280 2274 464 2347 cupiditatem
493 2272 643 2346 reeipiendi
672 2274 793 2346 pretinm
823 2273 936 2338 laboris

14 2361 15 2390 r
131 2373 182 2430 sed
204 2373 323 2445 propter
344 2357 503 2445 exemplum
524 2372 553 2429 et
574 2372 609 2429 ad
633 2372 821 2444 repellendam
845 2372 938 2429 otiosi·

14 2523 15 2526 ,
131 2472 234 2528 tatem.
249 2469 296 2537 Et,
311 2469 423 2543 quando
444 2486 500 2529 non
522 2470 639 2528 daretur
660 2469 740 2529 nobis
763 2471 884 2542 pretium
900 2468 938 2525 la·

132 2569 220 2637 boris,
249 2585 430 2626 recurramus
457 2568 493 2625 ad
520 2585 646 2626 mensam
679 2569 788 2627 Domini
817 2567 937 2639 petendo

131 2667 338 2739 eleemosynam
360 2667 498 2725 ostiatim.

198 2881 221 2935 1)
238 2878 288 2924 cfr,
300 2878 331 2924 II.
344 2877 392 2924 Cel.
406 2878 429 2934 3,
442 2879 481 2923 99.
545 2878 571 2935 2)
585 2877 633 2923 cu.
647 2878 701 2933 Lag.
714 2878 786 2925 trium
798 2891 845 2925 sno.
859 2892 882 2924 n.
896 2879 935 2923 29.
