2284 3425
294 304 330 346 os
351 302 531 347 seusssu‘cm
553 267 688 347 consonis
708 303 819 346 nomm.
922 286 959 345 23

152 496 220 553 liter
242 512 292 567 per
314 496 386 553 viem
404 496 448 569 (a)
480 496 611 569 portatur
638 495 668 553 et
695 496 809 569 indigne
838 496 961 554 sumitur

153 595 184 652 et
204 595 355 653 indiscrete
377 596 442 652 eiiis
464 595 654 652 ministretur.
676 594 800 653 Nomina
825 594 910 652 etiam
932 596 963 652 et
1016 591 1020 597 ⁴

155 693 241 752 verbe
262 695 322 751 eius
343 693 450 766 scripta
472 694 624 767 aliquando
654 693 771 767 pedibus
799 694 962 752 conculcan-

153 794 218 863 tur;
234 794 300 866 quis
314 792 456 851 animetis
466 792 552 851 leonio
563 810 622 850 non
631 793 758 865 percipit
769 810 804 849 en
815 808 891 864 qnae
904 792 962 849 Dei

153 890 293 965 sensui).
315 891 379 950 Non
402 908 546 950 monemur
568 891 601 949 de
614 892 668 948 ,his
689 891 819 948 omnibus
846 891 961 963 pietate,

153 1007 217 1048 cum
244 992 304 1063 ipse
331 989 393 1063 pins
416 990 553 1049 Dominus
582 992 609 1048 in
640 990 770 1048 menibus
798 990 905 1049 nostris
932 1006 962 1046 se

155 1088 299 1162 praebent,
315 1090 420 1147 etcum
443 1090 600 1147 tractemus
621 1090 650 1147 et
671 1106 818 1147 sumamus
838 1088 962 1161 quotidie

154 1204 206 1259 per
228 1204 260 1245 os
286 1188 437 1245 nostrum?
457 1188 501 1245 An
535 1188 709 1260 ignoramus,
737 1188 804 1261 quia
831 1186 963 1244 debemus

154 1288 251 1344 uenire
274 1288 304 1344 in
326 1304 426 1345 manus
448 1282 529 1345 eius?

236 1384 331 1457 igitur
352 1386 385 1443 de
410 1384 455 1443 his
483 1384 613 1443 omnibns
641 1370 670 1441 et
698 1385 763 1442 aitis
784 1384 839 1443 cito
867 1384 896 1441 et
917 1383 964 1441 fir-

154 1483 239 1542 miter
260 1484 453 1553 emendemus;
476 1484 516 1553 et¹
534 1483 700 1556 ubicumque
729 1481 815 1541 fuerit
843 1482 963 1540 sanctis·
1003 1474 1005 1478 ’

154 1584 257 1641 simum
280 1598 382 1654 corpus
404 1582 515 1641 Domini
539 1582 628 1640 nostri
651 1583 715 1639 Iesu
739 1581 849 1639 Christi
864 1582 961 1639 illicite
1022 1644 1027 1651 .

153 1682 322 1742 collocatum
345 1681 374 1739 et
395 1682 534 1750 relictum,
556 1681 735 1740 removeatur
763 1680 797 1740 de
825 1682 885 1740 ioco
913 1681 962 1739 iiio

153 1786 184 1839 et
205 1782 234 1838 in
257 1781 316 1839 loco
340 1764 462 1853 pretioso
485 1781 609 1853 penetus
629 1782 658 1838 et
678 1781 871 1853 consignetur.
885 1781 962 1838 Simi-

153 1881 222 1938 liter
243 1881 357 1938 nomina
372 1881 401 1937 et
420 1879 505 1938 verba
527 1872 639 1938 Domini
662 1880 779 1952 scripta,
795 1879 962 1950 ubicumque

155 1977 340 2036 inveniantur
362 1980 389 2036 in
413 1979 481 2037 iocis
503 1978 666 2046 immundis,
687 1978 861 2050 colligentur
882 1977 911 2034 et
934 1979 960 2034 in

156 2078 216 2135 ioco
236 2071 356 2136 honesto
375 2071 499 2138 debeant
525 2076 665 2134 collocari.
687 2075 726 2134 Et
754 2077 868 2143 scimus,
897 2077 963 2147 qnia

155 2174 339 2232 haecomnia
362 2174 599 2247 tenemunsuper
624 2175 718 2232 omnia
742 2173 892 2232 observare
921 2190 963 2229 se-

155 2273 278 2331 cundum
301 2274 452 2345 praecepta
474 2273 586 2331 Domini
608 2273 637 2330 et
657 2272 876 2331 constitutiones
897 2288 963 2328 san-

156 2371 219 2430 ctae
247 2371 348 2429 matris
376 2371 526 2428 Ecclesiae.
552 2371 591 2428 Et
621 2372 668 2443 qui
697 2370 749 2428 hoc
781 2387 835 2428 non
858 2369 964 2437 fecerit,

157 2469 239 2538 sciat,
261 2487 290 2528 se
312 2487 407 2528 comm
431 2469 549 2528 Domino
578 2470 676 2528 nostro
697 2469 762 2526 Iesu
792 2468 906 2526 Christo
935 2470 963 2525 in

157 2569 201 2626 die
223 2568 322 2626 iudicii
352 2569 466 2636 reddere
499 2570 646 2627 rationem.
675 2567 714 2624 Et
747 2567 799 2625 hoe
827 2567 964 2638 scriptum

157 2667 206 2740 qni
227 2665 325 2725 fecerit
346 2667 509 2739 exemplari,
532 2668 565 2724 ut
586 2668 687 2724 meiius
703 2665 878 2732 observetur,
894 2666 966 2722 sciet

158 2746 187 2823 se
209 2765 385 2824 benedictum
409 2783 425 2822 a
452 2765 569 2824 Domino
584 2766 647 2842 (b).‘

223 2977 245 3034 n
264 2977 283 3026 1.
302 2977 355 3026 cor.
374 2978 398 3036 e,
419 2977 455 3024 n.
