2284 3425
239 163 276 204 AD
296 161 424 205 REGULAS
443 162 580 204 FRATRUM
600 162 741 205 uluonuu.
834 145 890 203 163

88 351 196 422 pluries
216 351 260 408 est
281 351 393 410 mutale
413 369 446 410 ac
467 352 559 412 aucis.
584 352 892 434 11611661661166616-

89 449 253 521 telligimus,
274 467 324 530 cur
345 451 441 510 iexius
462 451 539 509 illius
560 451 805 524 aliquando-haud
827 467 892 510 con-

90 549 220 618 veniani;
250 549 421 607 mutationes
450 551 522 607 enim
552 550 581 606 61
613 549 808 606 additamenta
836 565 892 607 uon

88 647 183 705 eudem
206 649 284 707 mode
306 647 341 706 ad
363 665 460 707 omnes
482 649 680 721 pervenerunt.
703 649 738 706 In
766 665 828 720 cap.
857 648 890 707 X.

88 763 131 803 cx.
152 764 197 818 gu.
218 746 251 804 cle
271 747 400 817 infirmis
420 745 567 816 frutribus
595 747 734 841 duplicem
755 746 892 804 hebemus

13 907 14 924 χ
88 844 251 903 lectionem:
268 863 327 904 eam
350 862 434 918 quem
451 845 567 918 praebet
582 862 650 918 pars
666 847 753 903 maier
767 845 890 904 codicum

13 925 14 930 ἵ
91 942 120 1000 61
141 943 225 1002 editio
239 944 348 1013 nostra,
364 945 392 1001 61
407 945 502 1012 aliam,
517 961 600 1017 quam
618 944 713 1017 posuit
729 943 892 1002 celanensis

90 1042 117 1099 in
130 1041 248 1114 legenda
260 1043 381 1101 secunda
393 1042 422 1099 61
434 1043 542 1115 parlier
553 1043 684 1100 adhibuit
695 1043 796 1100 Frater
807 1043 892 1115 Hugo

89 1140 123 1198 de
138 1139 231 1214 Digna
245 1142 273 1198 in
289 1158 350 1213 cap.
363 1141 413 1199 VI.
425 1142 608 1214 expositionis
621 1140 799 1217 regulaell).
814 1142 894 1199 Simi-

88 1238 156 1295 liter
169 1239 204 1295 ad
220 1239 360 1311 6661111.
372 1239 406 1297 dc
418 1238 586 1312 frequeniia
600 1240 756 1298 mulierum
769 1239 892 1298 uitanda

13 1325 14 1332 ἶ
89 1353 135 1393 res
150 1352 179 1393 se
193 1335 288 1405 habet,
304 1336 351 1394 ubi
370 1338 405 1394 ac
428 1319 547 1396 formam
568 1354 741 1396 communem
764 1338 893 1410 Angelus

13 1471 14 1516 3
90 1433 228 1492 Glarenus
249 1434 278 1492 61
298 1435 447 1507 Speculum
470 1437 544 1492 vilae
570 1436 598 1492 S.
619 1435 762 1493 Francisci
784 1435 893 1492 addunt

92 1532 192 1590 verba:
215 1532 321 1592 Nullus
342 1549 405 1591 cum
426 1535 466 1591 eis
496 1551 569 1606 «per
598 1535 671 1591 uiam
699 1534 787 1601 vadai
815 1534 894 1592 solus

89 1629 142 1689 uui
162 1630 198 1688 ed
219 1649 343 1689 mensam
366 1633 394 1689 in
417 1649 474 1690 une
495 1633 645 1704 paropside
665 1631 848 1710 6661666112)
864 1655 892 1689 e.

171 1730 199 1787 3.
221 1731 312 1789 Mulio
334 1733 424 1805 magis
450 1733 528 1790 erret
545 1732 684 1800 Sebaiier,
699 1732 811 1805 quando
832 1733 894 1805 agii

90 1829 124 1885 de
145 1828 282 1888 relatione
309 1831 424 1903 regulae
453 1831 591 1888 secundae
618 1830 652 1888 ad
682 1832 810 1903 regulam
840 1832 894 1903 pri-

91 1944 176 1985 mani.
197 1928 352 1986 Secundum
368 1931 459 2001 ipsum
480 1929 600 2001 utraque
616 1928 676 1987 ieie
696 1930 773 1988 caelo
793 1929 893 1998 dietat,

91 2026 216 2099 ipsisque
242 2027 357 2086 «solum
380 2044 479 2087 nomen
503 2028 547 2086 esi
570 2044 755 2101 commune»,
777 2027 805 2085 ei
833 2028 894 2087 sola

91 2126 191 2198 regula
215 2127 305 2198 prime
331 2128 481 2184 «estsere
510 2126 688 2184 franciscana
704 2126 748 2202 (3)
764 2151 792 2185 ».
815 2126 893 2196 Quod

91 2262 252 2269 ,-,-.-.-..

156 2350 178 2407 l)
197 2348 246 2395 Clu.
259 2348 289 2395 11.
308 2347 356 2395 cel.
370 2347 393 2401 3,
406 2346 464 2401 110;
478 2348 541 2393 Mon.
555 2346 597 2394 ful.
611 2347 669 2393 68v.
679 2361 685 2400 ;
696 2346 769 2392 Firm.
783 2346 892 2394 161496.

154 2430 178 2487 2)
197 2428 245 2476 Gir.
263 2426 476 2476 666011616666.
490 2427 530 2474 fol.
544 2427 614 2481 99v.;
628 2427 750 2486 Speculum
762 2427 805 2473 fol.
821 2427 894 2474 seeo.

154 2510 178 2569 3)
197 2509 239 2556 1116
255 2510 282 2556 de
298 2509 322 2556 S.
341 2508 463 2572 Francus,
481 2523 536 2568 pag.
554 2509 616 2556 289:
637 2507 723 2558 ‹Gelle
739 2509 768 2553 de
787 2508 848 2553 1216
869 2510 896 2554 ot

91 2591 149 2637 celle
165 2590 205 2647 qui
222 2590 260 2637 fut
276 2590 407 2650 eppsouvee
423 2604 466 2649 pur
483 2590 506 2637 le
521 2603 581 2648 pepe
596 2590 620 2636 le
636 2589 666 2636 29
683 2589 806 2635 novembre
825 2588 894 2647 1228,

91 2670 216 2717 n'eveieut
231 2671 302 2728 guero
318 2672 346 2717 (ie
363 2685 467 2718 commun
485 2684 528 2729 que
545 2671 567 2717 le
584 2684 678 2716 uom»..
696 2668 779 2716 «Colle
792 2670 820 2715 de
836 2669 896 2715 1210

92 2752 155 2798 seule
171 2752 210 2799 est
225 2751 342 2799 uruimeut
359 2750 523 2798 fronciucnine.
537 2750 600 2799 Colle
611 2752 639 2797 de
652 2750 713 2797 1223
723 2749 895 2797 estindirecto-

93 2835 157 2880 nient
172 2833 271 2879 l’ceuvro
287 2834 316 2880 (16
331 2818 432 2891 l'Eglise
443 2849 469 2881 e.
