2284 3425
204 170 242 227 32
530 186 641 228 arcum
663 188 682 227 1.

284 377 344 435 Nec
364 378 468 451 aliquis
490 376 579 436 irater
601 378 706 434 malum
729 376 815 434 faciat
836 377 881 435 vel
901 374 1005 434 malum

204 476 280 535 dicat
299 475 399 547 aiteri3
421 478 477 535 imo
497 471 590 549 magis
604 475 815 549 percantatum
830 476 950 547 spiritus
965 491 1007 534 rc·

187 576 327 635 tuntarie
343 575 470 633 serviant
491 576 520 632 et
540 573 673 633 obediant
686 575 814 634 inuicem.
830 574 868 631 Et
882 573 950 633 haec
963 574 1007 631 est

116 721 119 728 .
205 690 270 731 vera
282 673 311 731 et
321 674 421 731 sancta
429 672 587 732 obedientia
595 671 706 731 Domini
718 672 808 731 nostri
817 672 882 733 Iesu
891 671 1007 729 Christi.

204 773 242 830 Et
261 789 358 831 omnes
380 772 492 847 iratres
514 772 743 845 quotiescumque
763 770 967 839 declinaverint
990 788 1007 827 a

204 870 346 928 mandatis
367 870 479 929 Domini
500 872 529 928 et
553 871 635 927 extra
660 869 846 928 obedientiam
870 886 1008 943 evagare·

203 970 271 1038 rint,
286 969 359 1027 sicut
373 969 441 1028 dicit
458 968 598 1042 propheta
609 966 664 1044 (l),
680 968 780 1036 sciant,
799 985 829 1025 se
846 984 907 1026 esse
922 968 1008 1025 matc-

202 1068 292 1127 diotos
323 1068 404 1125 extra
435 1066 632 1135 obedientiam,
664 1054 845 1139 quiradusque
875 1065 1009 1148 steterint

202 1166 230 1223 in
252 1166 304 1223 tati
327 1166 440 1239 peccato
468 1166 598 1225 scienter.
624 1166 664 1223 Et
687 1165 800 1238 quaudo
825 1166 1009 1239 perseverant

127 1326 130 1331 ,
203 1265 230 1322 in
254 1265 396 1323 mandatis
418 1265 539 1334 Domini,
561 1281 632 1337 quae
655 1266 847 1337 promiserunt
874 1280 924 1336 per
945 1280 1008 1321 san·

202 1350 289 1420 ctum‘
300 1363 486 1437 Euangoiium
508 1365 538 1421 et
558 1363 646 1421 vitam
666 1364 803 1437 ipsorum,
818 1362 919 1430 sciant,
934 1379 964 1419 se
979 1363 1007 1419 in

203 1477 270 1519 vera
291 1462 449 1520 obedientia
471 1463 559 1530 staro,
577 1463 606 1519 et
621 1461 757 1545 benedicti
774 1462 863 1519 sinta
881 1461 1008 1521 Domino.

263 1670 314 1728 VI.
335 1668 436 1730 ——De
457 1687 569 1729 recursu
590 1668 708 1730 fratrum
730 1668 766 1729 ad
788 1668 940 1741 ministros,

236 1775 238 1780 '
273 1773 302 1827 ot
323 1767 396 1846 quod
416 1769 520 1846 aliquis
542 1768 629 1828 frater
650 1788 705 1828 nou
726 1776 839 1828 uocetur
859 1767 942 1846 prior.

283 1957 409 2025 Fratres
432 1960 459 2015 in
482 1957 704 2031 quibuscumque
724 1958 793 2015 iocis
814 1957 892 2025 suut,
914 1958 937 2013 si
952 1973 1007 2018 non

202 2053 325 2128 possunt
353 2057 441 2113 vitam
469 2057 597 2115 nostram
625 2056 783 2123 observare,
812 2072 895 2130 quam
924 2054 1008 2112 citius

204 2154 333 2226 possunt,
357 2156 504 2212 recurrant
524 2155 559 2210 ad
582 2172 663 2211 suum
686 2154 850 2210 ministrum
875 2153 927 2211 hoc
953 2153 1007 2224 ipsi

203 2251 405 2322 significantes.
421 2252 550 2309 Minister
570 2267 636 2310 vero
651 2251 749 2308 taliter
763 2253 804 2308 eis
818 2251 933 2308 studeat
947 2266 1008 2322 pro

204 2349 306 2416 videre,
329 2350 402 2407 sicut
424 2352 482 2422 ipse
504 2343 591 2406 veltet
612 2349 664 2406 sibi
688 2349 759 2421 fieri,
781 2350 804 2406 si
826 2350 854 2405 iu
869 2349 1007 2406 consimili

203 2465 270 2505 casu
292 2448 375 2508 esset.
391 2447 429 2504 Et
449 2449 546 2505 nullus
568 2448 683 2507 vocetur
708 2449 796 2520 prior,
818 2446 867 2504 sed
894 2463 1008 2519 genera·

203 2546 270 2604 iiter
290 2563 386 2604 omncs
409 2547 543 2604 vocentur
565 2545 669 2604 fratres
684 2546 813 2604 minores.
830 2545 869 2602 ut
881 2545 955 2603 aiter
968 2546 1008 2602 al·

204 2645 293 2702 terius
314 2644 392 2702 iavet
414 2645 505 2717 pedes.

203 2781 362 2788 .——..-——-

269 2859 292 2917 1)
310 2856 358 2905 on.
379 2858 464 2904 Psalm.
486 2857 538 2916 lis,
556 2857 596 2903 21.
649 2851 652 2858 ’
