2284 3425
193 192 230 249 26
517 207 629 248 nuouun
651 208 670 247 1.

191 397 346 471 recipiatur
365 398 403 456 ab
428 400 478 456 eis.
499 397 603 466 Quodsi
631 397 719 455 tuerit
744 397 846 455 firmus
871 399 997 470 aeeipere

191 497 279 555 vitam
302 496 439 565 nostram,
462 497 584 553 multum
605 498 727 554 caveant
745 496 940 569 sibi.iratres‚
961 514 997 554 ne

190 595 224 654 de
245 597 305 653 suis
326 595 531 668 temporalibus
545 595 668 668 negotiis
681 612 711 653 se
728 596 933 663 intromittant,
947 595 996 653 sed

189 694 225 752 ad
247 710 328 753 snum
358 694 530 763 ministrum,
551 696 635 767 quam
664 696 749 752 eitius
777 695 906 767 possunt,
931 699 994 752 eum

175 793 413 868 'repraesentent
434 793 566 851 Minister
586 810 653 852 vero
675 794 794 867 benigne.
814 795 907 866 ipsum
926 795 997 851 reei-

190 892 251 965 piat
272 892 302 950 et
321 889 462 950 confortet
482 892 511 948 et
532 892 608 949 vitae
629 893 744 950 nostrae
764 892 890 950 tenorem
907 894 931 949 ei
953 892 995 948 di·
1043 964 1050 974 ι

189 990 311 1070 ligenier
332 990 464 1063 exponet.
480 990 540 1061 Quo
561 989 646 1058 faeie,
661 990 831 1063 praedictus,
846 991 869 1047 si
889 990 953 1047 uult
965 990 995 1047 et

190 1089 285 1162 potest
306 1089 497 1163 spiritualiter
519 1090 549 1147 et
570 1090 630 1148 sine
659 1089 868 1162 impedimento,
890 1089 995 1147 vendat

190 1188 284 1247 omnio
306 1204 358 1246 sua
379 1188 408 1246 et
436 1206 469 1245 ea
490 1190 584 1273 omnia
605 1188 778 1261 pauperibus
799 1187 914 1246 studeat
933 1204 995 1246 ero·

188 1303 266 1361 gare.
283 1286 410 1345 deveant
429 1286 524 1345 autem
547 1286 600 1344 sibi
616 1285 722 1344 fratres
741 1287 771 1343 et
791 1286 913 1343 ministri
936 1285 994 1343 fra·

188 1362 275 1458 trum,
297 1386 370 1459 quod
390 1385 424 1443 de
445 1385 566 1458 negotiis
588 1386 648 1442 suis
669 1385 747 1443 nullo
766 1384 846 1443 modo
859 1401 890 1441 se
903 1384 994 1442 intro·

188 1484 306 1541 mittant
331 1501 420 1557 neque
445 1483 587 1555 accipiant
614 1483 737 1557 aliquam
767 1484 923 1555 pecuniam,
945 1500 993 1539 ue-

118 1602 120 1608 '
188 1600 241 1655 qne
265 1600 313 1655 per
335 1600 364 1641 so
385 1598 474 1655 nequo
497 1599 546 1654 per
567 1581 765 1653 interpositam
788 1597 953 1653 personam3
968 1581 992 1637 si

188 1682 282 1739 tumen
303 1680 472 1754 indigerent,
488 1679 545 1738 alia
566 1681 725 1738 necessaria
738 1680 865 1752 eorporis
879 1678 993 1752 praeter
1009 1749 1013 1754 .

190 1781 334 1852 pecuniam
358 1781 480 1851 recipere
496 1779 607 1851 possint
621 1778 727 1835 fratres
740 1795 826 1836 eausa
840 1779 993 1835 necessita·

187 1877 234 1944 tis,
250 1879 323 1935 sieut
337 1878 385 1935 alii
402 1891 541 1950 pauperes
550 1875 604 1952 (o).
620 1877 734 1934 Etcum
748 1892 881 1950 reversus
895 1875 989 1944 luerit,

187 1976 315 2034 minister
337 1973 471 2034 concedat
491 1976 515 2032 ei
538 1991 648 2047 pannos
663 1956 839 2047 probationis
854 1992 941 2048 usqne
956 1975 991 2031 ad

186 2091 300 2139 aurnum,
323 2073 429 2132 seilicet
450 2074 520 2131 duas
542 2073 654 2131 tunicas
675 2074 735 2130 siue
755 2073 869 2145 caputio
891 2073 991 2130 eteiu-

185 2171 282 2245 gnlnm
306 2172 335 2229 et
355 2172 470 2229 braccas
491 2171 520 2228 et
541 2187 708 2244 caperonem
731 2171 870 2244 usquead
893 2171 991 2244 elngu·

185 2271 253 2328 lnrn.
276 2270 370 2329 Finito
392 2287 456 2328 vero
478 2269 596 2328 errno'et
611 2270 731 2327 termino
747 2269 931 2342 probationis,
947 2287 990 2326 re-

184 2369 306 2441 cipiatur
327 2368 361 2426 ad
384 2368 579 2427 obedientiam.
603 2368 705 2427 Postea
727 2385 782 2426 non
805 2369 901 2427 licebit
915 2370 938 2426 ei
954 2368 989 2424 ad

184 2467 268 2526 allam
293 2467 453 2539 religionem
477 2467 607 2525 accedere
628 2484 717 2537 ireque
741 2469 847 2525 «extra
861 2467 990 2526 obedieu-

185 2566 254 2623 tianr
277 2566 416 2638 evagari»
437 2564 516 2622 iuxta
531 2562 814 2624 inundatum'domini
832 2582 921 2638 papae
933 2564 989 2641 (1).

233 2711 249 2717 ,-
262 2711 348 2718 ...η-ι..-

248 2795 270 2854 l)
289 2795 337 2842 err.
356 2797 442 2842 bullsrn
464 2797 522 2843 Cum
539 2798 672 2844 eeernrdnm
690 2797 820 2844 consilinm
837 2795 939 2844 Honoril
954 2796 987 2842 lll

183 2865 211 2926 ile
222 2876 260 2926 22.
279 2879 340 2938 sept.
361 2870 428 2926 12'20.
444 2877 584 2936 (bullarium
602 2877 795 2936 Francisermnm,
808 2880 827 2926 t.
841 2878 860 2923 1.
873 2891 928 2937 pug.
941 2877 986 2935 6.).
1085 2868 1095 2878 ”
