2284 3425
162 343 965 414 mmm

289 841 297 860 ⁸
362 857 428 955 Qui
456 867 589 954 purtem
615 858 764 927 tertium.

243 1515 278 1572 In
307 1513 361 1572 fine
390 1516 457 1572 tomi
486 1515 511 1572 I.
539 1531 606 1572 suae
634 1514 765 1572 editionis
789 1513 966 1586 Waddingus

164 1614 260 1684 plures
280 1613 395 1688 collegit
415 1610 552 1670 orationes
573 1613 664 1669 sancti
686 1612 837 1679 Francisci‚
852 1629 885 1668 ex
903 1614 965 1684 qui-

163 1710 216 1768 bus
237 1709 348 1783 aliquas
368 1712 396 1768 in
419 1710 492 1771 hanc
513 1710 662 1770 editionem
686 1709 762 1767 haud
789 1701 964 1770 admisimus.

244 1810 396 1867 Nonnulae
426 1811 500 1867 onim
531 1811 560 1866 in
588 1808 728 1867 codicibus
758 1808 965 1881 desiderantur,

163 1924 254 1979 neque
267 1907 368 1964 alicubi
384 1907 576 1973 testimonium
591 1907 620 1963 et
632 1907 781 1979 vestigium
797 1908 911 1964 illarum
926 1908 965 1963 in-

163 2006 259 2062 venire
280 2004 432 2077 potuimus.
459 2003 560 2062 Oratio
581 2022 624 2061 er.
644 2022 689 2077 gr.
710 2005 743 2061 ire
763 2021 834 2062 suae
853 2020 967 2061 conver·

160 2104 257 2161 sionis
270 2102 366 2174 tuitio,
381 2104 487 2174 oratio,
502 2120 593 2174 quom
607 2102 699 2159 dicae
712 2102 830 2169 solebat,
846 2103 965 2173 quoodo

160 2201 382 2257 sanctissimum
407 2198 524 2257 Christi
544 2216 652 2272 corpus
672 2199 966 2269 eleuobotsucerdos,

162 2299 261 2354 oratio
290 2299 321 2353 r'rr
347 2297 519 2368 infirmitale
544 2300 573 2354 in
600 2299 727 2369 antiquis
754 2298 966 2355 collectionibus

161 2395 363 2466 opusculorum
385 2395 476 2452 sancti
498 2396 641 2453 Francisci
662 2383 787 2453 desunt(

244 2491 406 2550 Orationem
424 2510 481 2564 pro
510 2492 668 2550 obtinendo
684 2496 859 2565 paupertate
885 2493 977 2550 Wad-

162 2590 268 2663 dingus
287 2590 385 2661 «apud
397 2592 486 2648 sulum
505 2588 698 2649 Ubertr'rum»
715 2594 743 2648 in
755 2608 816 2663 cap.
828 2591 886 2649 ΙΙΙ.
898 2592 918 2648 l.
931 2592 964 2649 V.

161 2689 257 2760 operis
278 2686 379 2745 Arbor
399 2689 476 2745 vitoe
496 2684 653 2759 crucifioeue
681 2690 750 2747 Iesu
771 2669 890 2751 invenit.
911 2706 965 2761 quo

163 2788 225 2845 loco
246 2786 344 2843 auctor
363 2786 499 2843 celebrem
514 2787 678 2859 allegoriam
695 2786 821 2845 Sacrum
834 2804 968 2844 commer-

162 2886 242 2941 cium
273 2884 350 2941 beati
377 2884 535 2947 Franciscl
558 2902 625 2943 cum
652 2886 772 2944 domina
791 2889 967 2959 paupertate
