2284 3425
445 235 580 281 amsronn
600 235 631 278 11.
880 219 934 278 101

134 422 277 495 poteritis,
297 421 454 482 exhibeatis
475 424 654 482 sanctissimo
681 425 791 496 sorpori
819 425 847 482 ot
875 441 937 482 san·

131 521 215 594 guini
236 521 349 580 Domini
368 522 459 580 nostri
480 522 547 580 Isau
569 521 684 590 chriso,
699 523 731 579 in
745 539 802 594 qao
816 539 892 595 arene
905 523 937 582 im
1052 589 1058 602 ⁸

9 608 14 659 ἓ
129 619 223 678 coelis
243 623 270 714 et
291 636 366 693 naue
386 621 418 678 in
439 619 793 694 terrissmntpooitioato
819 621 937 680 suntet
990 652 992 660 =

10 716 15 731 '
102 771 107 776 .
131 719 325 778 reeormitiaiu
338 717 383 796 (1)
405 719 592 793 omnipotenti
615 719 681 780 Deo.
702 715 780 793 Rogo
800 720 886 778 otiam
907 721 936 778 in

128 815 253 876 Domino
275 833 373 876 omnes
389 816 494 876 iratres
509 835 585 876 meos
597 817 651 894 (a),
666 819 714 891 qui
728 817 796 876 sunt
810 818 839 875 st
852 819 937 876 arunt

129 916 162 973 at
170 932 234 974 osso
244 916 364 988 eupiunt
374 915 534 976 sacerdotes
547 916 699 984 altissimi,
711 917 860 990 quatenns
872 934 934 976 oum

131 1015 247 1072 missam
262 1015 404 1074 oolobraro
419 1015 570 1084 voluerint,
587 1016 651 1087 puri
666 1031 736 1088 puro
751 1013 858 1074 iaciant
871 1033 933 1074 oum

130 1114 293 1171 reverentia
314 1129 409 1171 rerum
433 1113 600 1172 sacrificium
623 1113 795 1191 sanctissimi
809 1115 935 1187 eorporis

129 1212 160 1269 ot
181 1212 331 1286 sanguinis
353 1212 464 1270 Domini
493 1212 584 1270 nostri
612 1211 678 1270 Iosu
707 1211 814 1270 Christi
834 1213 934 1272 sancta

129 1309 289 1368 intentione
305 1310 340 1368 at
359 1311 474 1379 munda,
495 1326 551 1369 non
574 1326 625 1399 pro
643 1309 703 1368 ulla
717 1309 831 1370 terrena
845 1329 875 1370 ro
890 1329 934 1370 no-

127 1424 185 1482 qua
216 1410 317 1468 timore
344 1410 389 1467 vol
417 1426 513 1467 amoro
539 1409 660 1467 alicuius
687 1409 817 1476 hominis,
847 1412 934 1482 quasi
959 1477 960 1480 Ἴ

123 1507 276 1579 poscentes
307 1506 473 1565 hominibus
494 1507 550 1584 (2).
586 1506 638 1565 Sed
669 1509 760 1566 omnis
791 1509 933 1581 noluntas,

128 1604 268 1678 quantum
283 1603 402 1662 adiurat
415 1603 510 1677 gratia
529 1602 748 1676 Omnipotontis,
763 1605 798 1662 ad
813 1620 876 1664 sum
888 1605 931 1679 (t)

125 1702 281 1776 dirigatur,
303 1702 355 1762 soli
384 1703 438 1776 ipsi
460 1720 569 1761 summo
591 1702 711 1762 Domino
739 1703 805 1779 inda¹
823 1703 933 1777 placora

127 1802 302 1871 desiderans,
331 1804 397 1875 quia
425 1804 485 1875 ipso
512 1802 550 1860 ibi
579 1793 672 1861 solus'
687 1804 831 1876 oporatur,
860 1805 933 1861 siout

125 1900 182 1959 sibi
204 1901 313 1973 piaoot;
342 1903 484 1975 quoniam,
511 1902 585 1960 siout
613 1903 674 1974 ipso
701 1902 769 1960 dicit
785 1901 845 1976 (3):
868 1902 933 1960 Hoc

125 1997 216 2069 fosite
235 2002 269 2057 in
289 2016 384 2057 meum
408 1999 720 2073 commemorationem,
741 2002 764 2057 si
792 2002 856 2073 quis
883 2001 932 2059 aii·

126 2097 173 2156 tor
192 2098 300 2167 facerit,
322 2099 410 2156 Indas
430 2098 553 2156 traditor
574 2098 695 2157 officitur
707 2096 746 2175 (e)
762 2099 791 2156 at
810 2115 877 2156 rems
897 2098 933 2169 m

127 2197 262 2269 eorporis
282 2200 310 2254 et
329 2197 488 2271 sanquimis
507 2197 632 2255 Domini
647 2196 702 2275 (4).
940 2208 942 2212 ·

209 2294 413 2364 Recordamini,
441 2294 547 2353 fratros
575 2298 629 2353 mei
658 2296 825 2366 sacerdotes,
857 2295 930 2369 qnod

124 2394 265 2467 scriptum
287 2394 332 2451 ast
352 2393 385 2451 do
405 2394 467 2467 loga
488 2394 587 2468 Moysi,
609 2412 693 2467 quarn
722 2394 931 2468 transgredion·
1020 2452 1021 2455 ,

125 2492 171 2551 tos
184 2492 269 2551 etiam
281 2490 327 2569 (d)
341 2493 370 2550 in
385 2492 579 2565 corporalibus
594 2488 659 2551 sime
669 2493 733 2553 nlla
747 2494 931 2559 miseratione

190 2740 215 2799 1)
231 2741 282 2787 cor.
302 2739 324 2796 1,
341 2738 381 2787 uo.

187 2820 214 2877 a)
231 2819 291 2879 usn.
309 2820 334 2877 s,
351 2820 375 2875 a
394 2819 444 2867 cor.
462 2820 485 2878 a,
503 2820 543 2869 aa.

188 2900 214 2959 s)
230 2902 287 2949 suc,
305 2901 345 2960 aa,
365 2901 402 2948 ro.
678 2903 703 2957 4)
722 2904 741 2951 1.
759 2904 812 2952 cor.
833 2906 870 2965 11,
887 2906 926 2953 sn.
