2284 3425
166 187 224 246 128
353 203 486 246 oemoruu
506 204 650 246 erssrours
669 202 779 244 nornru.

245 395 332 453 Pater
352 396 459 462 sancte,
474 412 508 453 ne
530 394 707 468 elongaveris
727 393 863 450 auxilium
885 392 966 450 tuum

165 511 261 578 ame:
285 494 361 552 Deus
381 511 469 561 meus
490 483 526 550 ad
547 493 682 551 auxilium
704 509 796 550 meum
818 491 933 565 respice.

245 591 365 650 Intende
385 594 413 650 in
435 591 606 650 adiutorium
628 608 736 650 meum:
759 589 877 649 Domine
890 588 968 647 Deus

165 690 269 747 salutis
289 707 376 748 meae.

246 787 353 847 Gloria.

246 886 349 945 Sancta
364 886 454 946 Maria
469 885 566 959 Virgo,
582 902 636 944 non
652 885 762 943 esttibi
777 885 877 942 similis
897 884 968 940 nata

166 987 194 1043 in
216 985 320 1044 mundo
341 986 369 1043 in
391 984 566 1057 mulieribus,
582 984 641 1042 filia
662 985 697 1042 et·
711 984 816 1041 ancille
833 983 967 1040 altissimi

167 1083 251 1156 Itegis
272 1083 369 1141 Putris
390 1083 529 1152 caelestis,
552 1083 643 1140 meter
664 1082 834 1140 sanctissimi
854 1082 966 1140 Domini

167 1182 258 1241 nostri
278 1183 344 1240 lesu
366 1181 483 1254 Christi,
505 1198 611 1254 sponsa
637 1181 768 1254 Spiritus·
789 1180 897 1250 saneim
918 1197 967 1238 oro

168 1297 218 1353 pro
239 1280 320 1340 nobis
340 1297 401 1338 cunr
417 1281 445 1338 S.
461 1279 596 1338 Michaele
610 1279 781 1352 archangelo
795 1280 825 1337 et
838 1278 968 1337 omnibus

167 1379 323 1437 uirtutibus
337 1379 476 1438 caelorum
493 1380 521 1436 et
532 1378 662 1437 omnibns
676 1379 783 1435 sanetis
796 1377 872 1449 apud
886 1377 966 1434 tuum

167 1477 376 1536 sanctissimum
392 1478 523 1536 dilectum
540 1477 654 1545 Filium,
670 1477 819 1536 Dominum
832 1477 968 1552 ⁴nostrum

167 1576 197 1634 et
218 1576 398 1648 Magistrum.

249 1673 345 1734 Gloria
366 1675 447 1733 Patri
465 1675 494 1733 et
509 1674 581 1733 Filio
595 1674 624 1733 et
637 1673 754 1747 Spiritui
770 1672 877 1733 sancto.
891 1670 970 1731 Sicut

168 1773 272 1832 eratin
289 1775 425 1846 principio
439 1774 468 1833 et
483 1791 556 1832 nune
577 1774 606 1831 et
627 1790 737 1845 semper
758 1775 793 1830 et
806 1774 835 1830 in
857 1772 970 1830 saecule

168 1873 353 1931 saeculorum.
376 1874 476 1930 Arnen.
532 1899 535 1907 ·

241 2070 313 2136 Non,
331 2070 403 2137 qnod
423 2072 487 2123 naec
508 2070 650 2135 antiphone
663 2065 814 2134 supradicta
828 2067 923 2119 dicitur
935 2067 969 2128 ad

169 2175 263 2213 omnes
293 2162 385 2225 horem
413 2167 438 2212 et
464 2160 557 2211 dicitur
589 2174 638 2223 pro
668 2159 821 2223 arcionem,
845 2156 971 2221 capitulo,

170 2254 277 2317 hymno,
303 2250 431 2303 versiculo
453 2256 479 2301 et
502 2249 634 2311 omninum
658 2254 684 2300 el
708 2248 742 2299 od
768 2247 923 2298 matutinum
945 2250 971 2297 el

169 2341 202 2393 ad
222 2354 314 2393 omnes
333 2342 411 2392 noras
429 2338 557 2391 similiter.
576 2338 642 2389 Ninil
661 2337 731 2389 aliud
746 2337 771 2387 in
785 2336 849 2400 ipsis
868 2333 972 2387 dicebat

170 2431 218 2483 nisi
238 2431 305 2482 hunc
323 2430 492 2494 antiphonam
513 2442 574 2479 curn
593 2428 648 2479 suis
667 2426 784 2491 psalmis.

242 2520 280 2571 no
312 2518 500 2571 absolutionem
532 2517 610 2569 ollicii
642 2529 747 2580 semper·
778 2513 882 2567 dicebat
911 2512 971 2565 beu·

172 2616 213 2659 ens
231 2607 398 2660 Franciscns:
426 2604 619 2660 Benedieomns
645 2602 759 2657 Domino
784 2603 838 2656 Deo
865 2600 922 2669 oioo
947 2604 973 2655 et

173 2709 252 2750 cero:
272 2695 390 2760 tondent,
415 2694 542 2763 eloctum,
563 2694 702 2760 honorem,
724 2689 929 2746 benedictionem
948 2694 973 2745 el

171 2784 263 2838 omnio
288 2784 357 2839 tono
387 2784 540 2853 reseremus
564 2783 591 2836 ei
619 2797 733 2852 smper.
760 2784 852 2836 Amen.
879 2786 971 2833 Arnen.

172 2876 241 2929 l'c'ut.
261 2874 330 2929 ecoe.
