2284 3425
186 183 224 240 80
305 201 517 242 uusruuuuuun
538 202 562 242 s.
583 181 685 243 erema
705 201 859 244 ruuncrsur.

264 390 469 449 Salutationem
492 390 559 447 mihi
582 391 719 449 Dominus
739 392 886 458 revelavit,
901 392 934 448 ut
948 392 987 449 di·

183 504 323 546 ceremus:
347 488 495 552 Dominus
516 489 562 546 dei
584 489 636 546 tibi
660 505 761 560 pacem
776 487 832 563 (1).
861 489 986 546 caveant

89 654 91 656 v
184 585 236 643 sibi
259 586 373 657 fratres,
389 587 422 643 ut
436 586 577 654 ecclesias,
592 586 755 644 habitacula
771 587 943 660 paupercula
957 587 987 643 et
1064 638 1067 640 ,

183 685 276 742 omnia
297 685 363 753 alia,
379 701 450 757 quae
471 701 523 757 pro
538 686 608 757 ipsis
623 685 828 744 construuntur
840 682 894 762 (α),
910 687 984 757 peni-

183 783 231 840 tus
245 799 300 842 non
316 782 464 856 recipiant,
479 784 534 840 nisi
547 785 654 850 essent,
670 783 743 842 sicut
757 784 836 842 decet
856 785 984 841 sanctem

185 882 391 953 paupertatem,
410 899 494 954 quam
510 884 538 938 in
553 883 653 954 regula
668 882 857 954 promisimus,
873 898 985 954 semper

182 978 220 1036 ibi
241 979 421 1052 hospitantes
442 980 516 1037 sicut
535 979 660 1038 advenae
682 980 711 1036 et
732 981 872 1053 peregrini
888 979 943 1055 (2).

262 1078 408 1151 Praecipio
429 1077 549 1138 firmiter
568 1096 617 1151 per
632 1078 818 1136 obedientiam
831 1076 874 1153 (b)
890 1077 984 1136 fratri·

183 1176 235 1232 bus
250 1179 400 1244 universis,
415 1176 498 1250 quod,
514 1177 680 1250 ubicumque
693 1178 771 1244 sunt,
786 1194 841 1236 non
860 1177 985 1238 audeant

183 1275 277 1346 petere
298 1276 422 1348 aliquam
444 1276 572 1332 litteram
595 1277 623 1333 in
644 1276 722 1333 curia
744 1293 860 1334 romana
883 1292 932 1348 per
953 1292 983 1334 se

181 1389 271 1445 neque
286 1389 335 1445 per
349 1374 546 1444 interpositam
562 1389 722 1445 personam,
734 1368 823 1444 noque
839 1388 890 1444 pro
901 1373 983 1429 eccle-

182 1474 224 1529 sia
245 1488 334 1544 neque
356 1488 407 1543 pro
420 1471 476 1529 alio
490 1471 550 1529 loco
561 1471 613 1545 (c),
627 1487 716 1543 neque
730 1469 782 1528 snb
797 1471 887 1542 specie
901 1487 982 1543 prae·

181 1570 330 1628 dicationis
350 1586 440 1642 neque
462 1585 513 1641 pro
535 1569 863 1640 perseeutione-suorum
885 1585 983 1640 corpo-

182 1685 254 1736 rum,
269 1667 327 1736 sed,
342 1667 508 1741 ubicumque
530 1683 585 1726 non
607 1666 715 1725 fuerint
735 1668 849 1739 recepti,
869 1666 983 1741 fugiant

181 1770 209 1825 in
230 1768 316 1825 aliem
338 1768 445 1824 terram
466 1766 503 1824 ad
524 1766 678 1824 faciendam
702 1765 902 1843 poenitentiam
918 1783 982 1823 cum

181 1864 372 1923 benedictione
394 1864 454 1922 Dei.
476 1864 515 1921 Et
535 1863 656 1922 firmiter
678 1865 741 1923 volo
768 1864 878 1924 obedire
904 1865 984 1921 mini·

181 1965 241 2022 stro
255 1964 381 2036 generali
396 1962 482 2020 huius
497 1962 689 2021 fraternitatis
707 1962 800 2021 etalii
815 1963 982 2035 guardiam,

180 2079 261 2135 quem
284 2062 337 2119 sibi
360 2062 499 2133 placuerit
519 2060 588 2118 mihi
610 2061 686 2118 dare.
708 2060 747 2117 Et
768 2061 808 2118 ita
829 2062 892 2119 uolo
920 2078 982 2119 esse
1029 2052 1032 2055 ’

179 2160 282 2231 captus
301 2161 330 2216 in
352 2159 483 2217 manibus
504 2160 572 2226 suia,
594 2160 628 2217 ut
653 2176 708 2217 non
738 2161 842 2231 possim
872 2160 912 2216 ire
936 2159 980 2216 vel

179 2258 270 2316 facere
301 2258 380 2314 nltra
411 2258 596 2315 obedientiam
629 2257 670 2314 et*
692 2257 868 2316 voluntatem
890 2274 981 2323 snam,
1024 2309 1026 2315 ,

178 2356 245 2429 quia
265 2355 395 2414 dominus
417 2372 495 2412 meus
516 2354 570 2412 est,
591 2355 638 2425 Et,
647 2346 783 2428 'quamvis
794 2356 845 2413 sim
862 2356 982 2427 simplex

179 2518 339 2525 ———

243 2621 265 2675 1)
283 2620 332 2667 Gir.
350 2621 450 2678 Bonan,
467 2622 576 2678 Legenda
593 2620 617 2667 S.
635 2621 720 2667 Franc.
738 2635 759 2669 c.
778 2622 800 2667 3.
819 2636 843 2667 n.
860 2622 884 2667 2.

240 2701 265 2759 2)
283 2701 333 2747 cfr.
351 2701 391 2747 nr.
408 2701 463 2758 Leo,
480 2700 504 2746 S.
523 2700 645 2753 Francisci
662 2700 767 2747 Intentio
784 2701 888 2758 regulae,
901 2714 925 2749 n.
941 2700 980 2746 14.

178 2782 203 2827 et
222 2782 258 2827 l5.
277 2782 416 2839 (Lemmeue‚
434 2781 577 2826 Documenta
599 2780 703 2837 Antiqua
724 2780 894 2837 Franciscana,
912 2794 935 2839 p.
959 2780 979 2825 Ι.

178 2874 233 2919 pag.
251 2862 303 2919 97).
