2284 3425
302 226 360 267 XIV.
383 226 418 266 DE
440 226 625 267 pueruli-'rere
646 226 776 267 SPlRl'l'US
903 207 939 266 13

133 418 279 477 tisfaetum
301 417 346 497 est
367 418 391 473 ei
407 414 461 493 (a).
478 416 546 474 Cum
568 417 664 474 autem
687 416 796 474 venerit
817 416 939 488 tempus,

133 533 188 589 quo
210 515 252 573 illi
273 517 320 589 qui
348 515 483 574 deberent
510 516 534 573 ei
563 515 735 582 satisfacere,
757 515 866 573 faciunt
887 515 940 572 sibi

134 616 318 688 cetrarium,
341 615 477 688 quantam
500 614 587 672 habet
608 613 645 672 ibi
666 614 832 686 patientiam
847 614 876 671 et
890 614 940 671 hu·

96 723 101 733 “
136 714 296 781 militatem,
318 713 429 770 tautum
452 712 539 771 habet
559 714 588 770 et
609 729 664 771 nen
687 713 762 784 plus.

268 915 347 977 XIV.
373 953 409 960 -
431 917 473 976 De
494 923 657 995 paupertate
679 916 802 994 spiritus.

216 1106 305 1165 Beue·
321 1122 469 1179 pauperes
495 1107 780 1179 spirituquoniam
808 1107 939 1178 ipsorum

134 1206 178 1261 est
198 1220 320 1277 reputem
341 1204 554 1281 caetoremtl).
568 1206 652 1263 Multi
675 1205 752 1273 suut,
767 1199 814 1277 qui
836 1206 940 1262 uratio-

135 1301 220 1359 uibue
241 1302 270 1359 et
297 1302 395 1361 officiis
423 1304 589 1361 insistentes
617 1304 724 1361 multas
751 1303 941 1361 abstinentius
1047 1382 1051 1388 .

12 1400 14 1423 ³
135 1400 164 1458 et
185 1401 354 1462 afflictiones
375 1404 403 1459 in
426 1403 485 1473 suis
506 1402 671 1475 corporibus
697 1400 815 1472 faciunt,
837 1401 885 1459 sed
907 1403 941 1459 de

122 1499 195 1579 *solu
218 1498 312 1568 verbu,
334 1499 407 1573 quud
429 1501 540 1559 videtur
562 1518 622 1558 esse
636 1500 740 1559 iniuiia
755 1516 870 1559 suerum
884 1517 941 1559 cur·

137 1613 247 1670 porum,
271 1598 369 1657 uelde
390 1600 486 1674 alique
508 1618 546 1668 re,
569 1616 640 1673 quae
654 1602 695 1657 sis
709 1600 848 1668 aufertur,
863 1616 941 1681 seau-

135 1695 251 1754 dalizati
273 1698 406 1758 continuo
429 1698 703 1783 perturbanturtb).
724 1700 765 1776 Hi
788 1715 843 1757 uun
873 1698 942 1756 sunt

137 1813 278 1868 pauperes
300 1797 418 1871 spiritu:
440 1799 506 1871 quia
528 1801 575 1872 qui
599 1783 662 1856 vere
684 1816 791 1871 pauper·
819 1798 864 1854 est
887 1798 942 1870 spi·

137 1894 205 1962 ritu,
228 1913 258 1953 se
279 1897 371 1968 ipsum
394 1897 453 1955 odit
474 1898 502 1954 et
523 1914 570 1955 eos
591 1898 695 1970 diligit,
716 1898 764 1970 qui
790 1913 851 1954 eum
883 1914 942 1968 per·

136 1993 250 2051 cutiunt
271 1996 298 2052 in
322 1995 492 2069 maxiltam(
514 1997 536 2068 ).
862 1993 865 1996 ’

369 2198 432 2258 XV.
456 2234 496 2244 -
516 2199 557 2259 De
579 2199 712 2278 pacificis.

219 2386 308 2444 Beati
323 2385 453 2458 percipiet,
476 2387 616 2457 quereiam
638 2383 698 2455 {ilii
719 2385 777 2442 Dei
801 2384 943 2442 vorabun-

139 2487 190 2542 tur
206 2484 261 2558 (3).
283 2484 331 2542 Ilii
354 2485 422 2541 sunt
444 2501 508 2542 vere
531 2484 648 2557 pacifici,
669 2485 716 2556 qui
746 2483 779 2540 de
803 2483 942 2551 omuibus,

140 2600 213 2656 quae
225 2584 253 2640 iu
264 2581 316 2641 hou
328 2583 438 2642 saeculo
451 2583 611 2655 patiuntur,
623 2583 740 2655 propter
750 2598 873 2640 amorem
892 2582 942 2641 Do-

138 2729 298 2738 ....-—

206 2813 228 2872 1)
247 2815 335 2862 Mutth.
354 2816 377 2872 5,
396 2816 418 2862 3.

203 2896 234 2956 2).
248 2895 296 2947 cfr.
315 2897 404 2946 Mater.
422 2898 446 2958 5,
465 2898 503 2948 39.
725 2896 749 2955 8)
767 2896 858 2944 Mattu.
876 2896 900 2954 5,
918 2897 942 2945 9.
