2284 3425
199 227 239 289 48
527 244 637 289 nusum
660 244 679 289 1.

199 437 322 496 divinam
345 438 514 511 sapientiam
542 437 571 495 et
598 437 724 496 divinum
753 453 877 496 amorem
904 437 1000 495 Patris

199 539 228 595 et
248 538 312 595 Filii
333 539 363 596 et
383 538 507 610 Spiritus
528 537 630 594 sancti.

279 637 317 693 Et
347 638 442 695 emnia
473 636 546 695 bena
575 636 693 694 Domine
719 635 776 694 Dee
803 635 943 694 altissimo
970 633 1000 694 et

199 752 308 795 summe
330 734 481 793 reddamus
502 735 531 792 et
551 735 646 794 urnula
668 734 740 793 buna
762 735 850 806 ipsius
870 751 931 793 esse
959 753 999 794 re-

198 849 400 907 cognoscamus
414 834 443 891 et
457 834 490 892 de
505 833 635 892 omnibus
656 833 680 890 ci
701 833 812 906 gratias
834 832 1001 902 referamus,

198 950 215 990 a
236 949 291 1005 que
312 932 385 990 bena
405 932 507 990 cuncta
531 931 694 1004 precedunt.
716 931 754 988 Et
768 933 828 1004 ipse
842 927 1020 990 altissimus
1053 974 1056 978 -

198 1029 384 1099 etsummus,
406 1031 484 1088 selus
506 1047 590 1088 uerus
611 1030 687 1088 Deus
708 1029 812 1088 habeat
833 1031 862 1087 et
889 1031 912 1087 ei
940 1029 998 1088 red-

197 1127 303 1185 dantur
323 1128 353 1185 ct
373 1129 433 1200 ipse
455 1128 574 1200 recipiat
594 1143 690 1184 ornnes
711 1126 831 1186 hencres
861 1128 890 1184 ct
921 1145 1000 1186 reve·

198 1225 314 1293 centias,
329 1241 426 1283 emues
441 1224 539 1285 larrdes
549 1225 579 1282 et
594 1224 810 1293 benedictiones,
825 1241 920 1283 emeres
934 1243 999 1298 gra·

121 1358 128 1371 ι
197 1325 253 1400 tias
267 1325 296 1382 et
310 1341 419 1382 emnem
434 1324 565 1398 gloriam,
580 1325 660 1382 cuius
674 1323 718 1381 est
734 1324 937 1392 omnebonum,
949 1326 997 1398 qui
1011 1382 1013 1385 ,
1079 1393 1081 1398 ¹

196 1422 277 1481 solus
297 1423 341 1480 est
363 1422 455 1480 tenus
468 1424 521 1497 (2).
537 1423 576 1480 Et
597 1422 709 1495 quante
724 1422 849 1481 videmus
864 1423 907 1481 vel
922 1405 1015 1482 audi-⁸

197 1538 269 1589 mus,
278 1521 382 1580 malum
394 1521 446 1579 dici
459 1522 501 1603 rel
515 1521 576 1579 fieri
588 1522 631 1578 vel
645 1503 834 1593 blasphemari
849 1521 998 1597 Deum(a)‚

196 1636 248 1677 nes
279 1619 475 1678 benedicamus
502 1621 531 1678 et
559 1619 766 1678 benefaciamus
794 1622 823 1678 et
850 1621 997 1680 laudemus

198 1720 356 1788 Dominum,
379 1722 425 1793 qui
448 1719 677 1779 estbenedictus
699 1721 727 1777 in
753 1721 874 1780 saecula.
897 1721 998 1782 Arnen.

245 1925 355 1983 XVIII.
378 1958 417 1970 -
438 1922 563 1997 Qualiter
584 1924 704 1984 ministri
725 1924 891 1986 conveniant
911 1923 947 1985 ad
1020 1891 1022 1895 Ι

528 2043 657 2083 rurreem.

275 2210 406 2280 Quolibet
418 2228 493 2269 anne
508 2214 700 2286 unusquisque
720 2214 848 2271 minister
863 2232 925 2271 cum
941 2216 996 2295 Ira·

195 2308 288 2366 tribus
309 2311 368 2367 suis
390 2312 481 2382 pessit
501 2313 658 2384 cerrrenIre,
674 2312 841 2385 ubicumque
857 2314 996 2384 placuerit
1060 2360 1062 2363 .

195 2408 244 2475 eis,
266 2409 293 2464 in
317 2408 388 2467 feste
409 2410 436 2466 S.
459 2396 604 2467 Michaelis
624 2410 787 2483 archangeli
809 2411 842 2468 de
864 2411 995 2484 hisquae

194 2505 229 2562 ad
259 2505 347 2563 Deum
377 2508 529 2578 pertinent,
552 2509 738 2566 tractaturus.
766 2508 870 2566 Omnes
897 2510 993 2567 autem

195 2604 327 2672 ministri,
348 2606 395 2678 qni
417 2607 535 2664 suntin
557 2608 754 2665 ultramarinis
781 2608 810 2665 et
838 2607 994 2667 ultramon-

195 2700 272 2757 tanis
293 2701 431 2773 partibus‚
454 2704 542 2761 semel
562 2706 588 2759 in
611 2704 702 2761 tribus
717 2707 808 2774 urinis,
825 2706 853 2763 et
875 2705 923 2763 alii
941 2708 995 2764 'rni-

259 2914 280 2970 1)
301 2913 355 2959 Luc.
376 2913 412 2967 18,
434 2914 470 2958 19.
