2284 3425
182 264 183 268 Ἰ
263 185 320 243 134
449 201 581 244 orrrcrun
602 201 745 244 resereurs
766 166 875 244 nerum.

567 441 613 502 Au
633 441 781 502 lienem.-

192 673 195 680 .
244 665 246 667 ,
341 595 412 656 Ant.
433 597 537 654 Sancte
559 597 661 656 Maria.

586 748 738 810 Psatmns.
789 744 791 747 ’

189 947 191 952 ,
342 881 436 941 Orus
457 898 564 951 omnes,
585 883 633 955 qui
662 882 794 940 transitis
821 898 871 954 per
899 882 989 940 viem:
1017 881 1064 960 at·
1124 895 1126 905 ·

234 975 235 979 ’
261 981 368 1040 tendite
388 982 417 1038 et
438 981 538 1048 videte,
560 981 584 1038 ei
606 981 651 1038 est
671 981 750 1039 dolor
770 981 844 1038 siunt
863 980 1053 1046 delurmeus.

342 1081 479 1150 Quoniam
502 1080 752 1137 ¹circumdederunt
782 1097 825 1137 me
852 1095 936 1137 cenes
963 1078 1064 1137 multi:
1124 1091 1126 1109 ¹

262 1179 408 1238 consilium
431 1178 650 1250 malignantium
672 1177 782 1236 obsedit
803 1194 855 1235 me.

317 1277 403 1349 'Ipsi
431 1293 497 1335 vern
531 1276 782 1334 consideraverunt
816 1276 845 1333 et
879 1275 1066 1348 inspexerunt

264 1394 320 1449 me;
342 1376 501 1434 diviserunt
521 1375 576 1433 sibi
596 1375 765 1432 vestimenta
787 1391 847 1432 mea
868 1374 897 1433 et
916 1376 1002 1447 super
1016 1390 1065 1431 re-

261 1476 332 1534 stem
355 1492 443 1533 meam
467 1475 606 1532 miserunt
626 1475 741 1533 sortem.

307 1591 311 1600 ·
343 1574 602 1632 nonerunt-manus
623 1590 700 1630 meas
720 1573 749 1630 et
768 1573 852 1645 pedes
867 1589 956 1630 meus:
978 1573 1009 1630 et
1021 1572 1066 1629 di-

264 1673 485 1732 numeraverunt
505 1675 598 1732 omnia
619 1689 685 1731 essu
705 1689 776 1731 mea.

232 1756 233 1759 Ἴ
344 1774 525 1845 Aperuerunt
546 1788 632 1842 super
652 1788 696 1829 me
717 1787 748 1829 es
762 1788 860 1829 suum:
877 1771 950 1829 sieut
964 1771 1007 1830 leo
1022 1788 1066 1828 ru·

264 1874 343 1945 piens
364 1872 393 1927 et
414 1872 538 1943 rugiens.

343 1969 420 2027 Sicut
448 1986 521 2041 aque
549 1966 655 2025 effusus
683 1985 761 2025 sum:
786 1968 815 2025 et
842 1967 971 2040 dispersa
997 1967 1067 2024 sunt

264 2069 358 2127 omnia
379 2084 443 2126 ossa
465 2084 536 2125 mea.

344 2166 383 2223 Et
404 2165 509 2225 factum
531 2166 576 2223 tst
597 2182 645 2223 eor
666 2182 757 2223 meum
779 2165 924 2238 tamquam
946 2180 1010 2223 cera
1031 2164 1066 2222 li·

264 2282 414 2338 quescens:
436 2265 465 2322 in
487 2265 576 2323 medio
598 2266 707 2322 ventris
722 2265 784 2322 mei.
876 2273 880 2284 '

246 2396 250 2401 -
344 2363 430 2426 Aruit
451 2364 597 2455 tamquam
619 2364 695 2421 teste
716 2363 809 2420 virtus
831 2380 906 2421 mua:
922 2361 951 2419 et
964 2354 1067 2434 lingua
1124 2437 1125 2442 η

266 2479 326 2519 mea
347 2461 477 2518 adhaesit
498 2461 625 2520 faucibus
648 2463 725 2520 meis.

344 2560 382 2617 ut
402 2559 540 2618 dederunt
561 2562 590 2619 in
611 2578 704 2619 eseam
725 2578 814 2617 meam
842 2560 896 2618 fel:
917 2559 995 2616 etin
1017 2559 1067 2615 siti
1124 2556 1126 2559 ’

265 2677 325 2717 mea
348 2660 519 2731 putaverunt
540 2678 584 2718 me
605 2661 692 2718 aceto.

345 2758 384 2815 ut
405 2760 433 2816 in
455 2760 600 2832 pulverem
622 2761 722 2818 mortis
747 2758 923 2815 deduxerunt
950 2773 1009 2827 me3
1039 2758 1069 2815 et

267 2874 352 2929 super
373 2858 496 2917 delerem
519 2859 667 2916 vulnerum
689 2875 811 2915 meorum
835 2855 1013 2915 addiderunt.
