2284 3425
433 208 584 278 ¹mnsuouo
606 237 625 278 1.
898 219 935 276 93

216 425 281 484 Non
297 425 429 483 debemus
442 425 600 484 seeundum
613 442 728 484 earnem
747 442 808 484 esse
822 426 938 498 sapien-

139 522 235 598 osii)
257 524 343 596 nique
365 525 528 597 prudentes,
543 525 591 582 sed
613 525 705 598 magis
725 523 857 582 debemus
878 541 938 582 esso

139 623 289 695 simplices,
303 622 424 692 humiles
444 623 473 681 ei
495 625 567 695 puri.
590 623 628 680 Ei
649 623 802 681 habeamus
820 639 939 695 corpora

138 722 286 780 nostruin
308 721 491 794 opprobrium
512 722 541 780 ei
561 721 733 794 despecium,
756 723 821 796 quia
843 737 939 780 omnes

139 836 188 891 per
218 821 330 893 eulpam
362 821 490 879 nostram
523 837 621 879 sumus
649 821 743 878 miseri
768 821 797 878 ei
822 821 939 894 putridi,
1009 848 1013 854 ·

138 918 233 977 foetidi
254 919 284 976 ei
302 937 420 987 vermes,
436 920 510 977 sicui
523 919 591 977 dieii
606 919 742 978 Dominus
757 937 807 993 per
822 919 939 992 prophe·

139 1020 197 1076 iam
214 1019 274 1093 (2):
298 1018 364 1092 Eoo
384 1035 451 1076 sum
472 1019 577 1076 vermis
598 1021 625 1075 ei
644 1035 703 1077 uon
725 1019 819 1091 homo,
835 1035 940 1090 oppro-

139 1116 237 1175 brium
251 1115 403 1174 hominum
417 1120 444 1174 et
457 1117 578 1174 abiectio
594 1117 700 1189 plebis.
722 1117 875 1190 Nunquam
898 1117 941 1174 de·

139 1215 238 1274 bemus
251 1215 408 1274 desiderare
426 1202 490 1273 essov
501 1232 586 1288 super
600 1215 681 1285 aiios,
696 1217 742 1274 sed
758 1218 849 1290 magis
863 1216 941 1273 debe·

139 1331 203 1372 mus
216 1331 277 1373 esse
291 1315 366 1372 servi
377 1316 406 1372 ei
415 1314 527 1372 subditi
537 1315 618 1371 omui
631 1314 777 1372 humanae
790 1318 942 1372 creaturae

134 1417 260 1486 propior
281 1414 376 1471 Deum
389 1413 444 1489 (3).
459 1413 483 1470 Ε
512 1428 618 1481 omnes,
633 1414 679 1486 qui
697 1414 768 1474 talia
783 1413 900 1472 feeerini
913 1414 942 1470 ei

139 1512 384 1587 perseveraverint
404 1529 493 1585 usque
514 1513 543 1569 in
565 1511 659 1578 finem,
681 1513 837 1584 requiescet
854 1528 942 1585 super

136 1627 185 1670 eos
200 1609 333 1682 Spiritus
347 1612 471 1669 Domini
484 1610 528 1687 (4)
544 1610 574 1668 ei
586 1608 675 1680 facim
689 1611 721 1668 in
738 1611 779 1669 eis
799 1610 942 1670 haiiiiaou-

137 1710 197 1769 lum
213 1712 243 1768 ei
256 1712 438 1770 mansionem
450 1707 505 1788 (5),
520 1710 549 1768 ei
563 1710 649 1768 erunt
661 1708 720 1781 fiio·
733 1710 838 1768 Putria
852 1710 942 1769 cuele-

136 1810 194 1867 siis
202 1808 256 1886 (6),
272 1811 352 1867 cuius
365 1826 451 1882 opera
466 1809 583 1876 iaciunt,
596 1811 624 1867 oi
639 1810 706 1866 suni
717 1810 823 1881 sponsi,
839 1808 943 1867 iratres

138 1910 168 1967 ei
190 1908 297 1980 meires
318 1909 430 1967 Domini
445 1909 536 1967 nostri
556 1909 621 1966 Iesu
644 1907 759 1964 Christi.
774 1908 873 1979 Sponsi
886 1925 942 1970 ¹su·

139 2026 213 2075 mus
228 2008 340 2080 quando
356 2025 405 2080 per
416 2008 553 2079 Spiritum
565 2006 693 2065 sancium
703 2004 748 2082 (a)
764 2008 944 2079 coniungitur

138 2106 234 2165 fidelis
254 2107 349 2164 anima
370 2107 435 2164 Iesu
458 2106 581 2164 Christo.
603 2105 721 2163 Fratres
749 2105 808 2162 eius
836 2120 943 2171 sumus,

138 2205 253 2279 quando
273 2204 400 2275 facimus
420 2204 598 2263 voluntatem
616 2204 722 2262 Patris
742 2204 811 2271 eius,
831 2204 882 2275 qui
903 2206 945 2261 esi

138 2305 173 2361 in
193 2302 337 2376 caeloii).
352 2303 461 2360 Matres
475 2305 536 2360 eius
551 2319 658 2371 sumus,
670 2302 781 2375 quando
797 2302 944 2374 portamus

139 2402 255 2459 eumin
282 2402 364 2459 eorde
391 2404 421 2459 ei
440 2418 556 2475 corpore
578 2402 675 2460 nostro
702 2418 750 2473 par
771 2416 893 2458 amorem
916 2400 945 2457 ei

207 2671 229 2727 1)
247 2670 265 2716 1.
285 2669 338 2718 Cor.
359 2671 380 2728 1,
398 2669 438 2716 26.

204 2754 229 2809 2)
249 2752 334 2797 Psalm.
352 2752 392 2809 21,
410 2753 433 2798 6.
657 2752 681 2809 3)
700 2751 718 2800 1.
737 2752 801 2798 Patr.
820 2752 844 2808 2,
865 2751 902 2797 13.

204 2833 230 2890 4)
247 2832 303 2879 lsai.
325 2833 361 2887 ll,
379 2833 402 2880 2.
661 2834 685 2889 5)
704 2832 752 2879 Gir.
765 2833 830 2879 loun.
850 2832 887 2890 14,
905 2832 944 2879 23.

205 2914 230 2972 6)
249 2914 338 2960 meten.
355 2914 380 2971 5,
397 2913 436 2959 45.
663 2915 687 2972 i)
705 2914 792 2959 olatio.
815 2914 851 2971 12,
869 2914 908 2959 50.
