2284 3425
207 199 244 259 82
324 215 545 260 remansurum
566 218 590 262 s.
612 216 714 260 sarnus
736 214 880 262 uniuerso

195 409 325 482 'propter
345 409 406 482 boc,
428 409 461 467 ut
482 409 719 482 regulamentum
736 408 855 468 Domino
877 411 1008 482 promisi-

206 526 277 577 mus,
299 509 400 566 melius
425 507 561 567 catholice
590 507 779 566 observemus.
800 507 839 564 Et
865 509 1008 580 generalis

204 607 333 665 minister
354 609 507 666 etomues
533 607 583 664 alii
612 607 734 664 ministri
757 607 786 664 et
806 606 935 681 custodes
958 623 1007 679 per

203 705 390 764 obedientiam
412 705 564 763 teneantur
581 706 612 762 in
634 705 698 762 istis
720 705 813 762 verbis
828 722 883 763 uon
905 705 1006 763 addere
1031 693 1034 696 “

105 816 110 844 ³
205 805 249 861 vel
275 806 410 862 minuere.
432 803 473 861 Et
498 821 609 877 semper
637 803 688 862 boc
717 805 852 876 scriptum
883 802 1008 862 habeant

205 899 299 965 secum
321 903 401 960 iuxta
423 904 560 976 regulam.
582 902 621 959 Et
649 905 677 959 in
707 902 836 960 omnibus
863 903 1006 975 capitulis,

184 990 187 993 ¹
209 1018 280 1074 quae
302 1000 419 1074 faciunt,
441 1001 552 1074 quando
574 1001 675 1074 legunt
696 1000 834 1074 regulam,
854 1001 953 1074 legant
977 1002 1007 1058 et

201 1101 263 1158 ista
285 1099 378 1158 verba.
402 1100 440 1157 Et
461 1099 592 1158 omnibus
613 1099 751 1158 fratribus
773 1101 841 1158 meis
855 1100 963 1158 clericis
978 1099 1007 1157 ct

203 1199 283 1256 laicis
305 1199 446 1271 praecipio
467 1198 588 1256 tirmiter
610 1215 659 1270 per
681 1198 877 1268 obedientiam,
897 1197 929 1255 ut
949 1214 1005 1255 nou

204 1297 325 1354 mittant
344 1282 457 1370 glossas
472 1298 505 1360 in,
516 1298 615 1370 regula
630 1313 719 1369 neque
733 1297 761 1353 in
777 1297 841 1354 istis
857 1296 949 1354 uerbis
961 1295 1005 1369 (α)

203 1396 333 1453 dicendo:
366 1396 414 1453 lta
445 1395 546 1454 uolunt
577 1396 715 1468 intelligi;
744 1395 801 1462 sed,
830 1395 903 1452 sicut
929 1394 1007 1452 dedit
1042 1420 1043 1423 ¹

206 1493 282 1551 mihi
296 1494 433 1552 Dominus
455 1494 621 1566 simpliciter
643 1494 671 1551 et
694 1511 762 1566 pure
783 1493 872 1551 dicere
892 1493 920 1550 et
941 1494 1007 1550 scri·

205 1592 269 1650 bere
296 1593 424 1666 regulam
453 1592 482 1649 et
506 1592 562 1649 ista
590 1592 684 1661 rerba,
714 1593 754 1649 ita
783 1591 959 1664 simpliciter
977 1592 1007 1648 et

202 1684 274 1763 'pure
286 1688 329 1768 (ὁ)
344 1677 514 1764 intelligatis
534 1691 564 1748 et
585 1707 647 1749 cum
669 1691 769 1748 sancta
783 1688 946 1764 operatione
961 1689 1007 1748 ob

89 1858 92 1862 Δ
204 1791 324 1848 servetis
345 1806 433 1862 usque
454 1792 482 1846 in
505 1789 598 1848 finem.
678 1820 680 1825 ·

284 1887 322 1944 ut
343 1889 509 1961 quicumque
531 1887 599 1945 haec
612 1887 652 1961 (c)
668 1887 862 1946 observaverit
883 1886 1006 1945 incaelo

125 1970 145 2035 J
204 1986 349 2059 repleatur
371 1986 561 2045 benedictione
582 1986 715 2044 altissimi
732 1986 831 2043 Patris·
842 1985 871 2041 et
884 1986 913 2042 in
929 1984 1020 2048 lurra,

204 2085 349 2157 repleatur
371 2085 561 2143 benedictione
582 2085 675 2142 dilecti
698 2085 761 2141 Filii
784 2085 827 2141 sui
855 2100 917 2142 cum
939 2099 1007 2140 san·

204 2185 329 2241 ctissime
350 2183 457 2255 Spiritu
480 2183 628 2240 Paracleto
650 2183 678 2240 et
699 2182 829 2239 omnibus
851 2180 1025 2255 virtuti-bus¹

204 2282 344 2340 caelorum
366 2286 394 2336 et
415 2280 545 2338 ouinibus
564 2282 681 2339 sanetis.
697 2279 735 2337 Et
749 2296 800 2353 ego
814 2278 904 2337 frater
915 2279 1007 2337 Fran·

204 2380 303 2446 ciscus,
333 2380 470 2450 parvulus
497 2379 592 2436 vester
613 2379 642 2436 et
663 2394 771 2451 servus,
793 2378 1008 2449 quantumcum-

188 2494 258 2549 -que
278 2493 403 2549 possum,
419 2477 554 2536 confirmo
576 2476 654 2535 vobis
676 2477 754 2536 intus
775 2477 804 2533 et
818 2476 899 2533 entre
920 2476 1006 2533 istam

204 2575 412 2633 sanctissimam
436 2575 652 2644 benedictionem
669 2574 723 2652 (d).
746 2574 845 2632 Amen.
