2284 3425
435 213 569 255 srrsnour
592 214 611 254 1.
884 195 921 253 97

118 402 256 462 tinniit
278 405 408 463 sacerdos
435 405 491 462 eit:
514 405 606 474 Quare
634 403 803 474 noni,Quia
830 405 924 464 omnia
1042 470 1045 482 Ι

118 501 245 575 disposui
266 504 294 560 in
318 503 448 561 manibus
469 504 691 577 propinquorum
714 504 752 560 et
770 504 921 562 amicorum

118 616 254 658 meorum.
276 600 315 658 Et
335 602 435 674 incipit
450 601 566 674 perdere
580 602 729 675 loquelam,
744 601 774 659 et
788 603 828 659 sic
842 602 923 660 mori·

119 698 168 756 tur
189 699 237 756 ilie
258 700 344 758 ruisor
363 717 462 758 amara
482 700 572 757 morte
586 699 641 776 (a).

199 797 251 855 Sed
267 799 361 855 sciant
374 815 479 866 ornnes,
495 799 586 880 quoii,¹
601 782 772 874 ubic’uurque
788 799 817 858 et
835 798 924 871 quaii-

118 896 283 970 tercumque
310 897 393 956 horno
420 898 560 956 moriatur
588 899 616 956 irr
642 899 781 956 criminali
810 897 923 970 peccato

119 997 181 1053 sine
208 996 411 1063 satisfactione,
440 998 469 1054 et
497 998 592 1068 potest
620 996 782 1054 satisfacere
810 997 840 1054 et
867 1013 921 1056 non

119 1094 262 1153 satisfacit
273 1095 327 1168 (b),
348 1095 477 1153 diabolus
492 1096 571 1167 rapit
584 1097 706 1153 animam
724 1112 802 1153 suem
818 1095 852 1153 de
866 1112 922 1155 cor·

119 1208 186 1264 pore
201 1209 252 1251 suo
265 1210 328 1251 curn
343 1193 426 1250 tenta
440 1194 575 1266 augustia
589 1194 618 1251 et
632 1194 824 1260 tribulatione,
837 1211 922 1266 quan·

118 1293 178 1350 taur
194 1292 291 1351 nullus
312 1293 383 1350 sciro
404 1292 507 1364 potest,
523 1293 577 1349 uisi
593 1294 639 1365 qui
657 1293 763 1365 recipit.
776 1293 815 1350 Et
829 1295 922 1351 omnia
961 1288 963 1296 ’

118 1390 230 1448 talenta
243 1393 273 1448 et
289 1391 424 1463 potestas,
440 1391 558 1448 scientie
573 1392 602 1446 et
621 1391 760 1462 sapientia
772 1389 920 1466 (chonam

117 1489 180 1561 ipsc
195 1490 324 1562 putabat
351 1485 467 1561 babere,
490 1488 668 1559 auferuntur
696 1490 733 1546 ub
760 1504 792 1546 eo
808 1489 861 1566 (i).
884 1490 922 1548 Et

117 1588 270 1660 propinqui
285 1589 314 1644 et
334 1590 415 1646 aurici
440 1588 548 1646 tollunt
562 1586 753 1644 substantiam
768 1589 827 1646 cius
842 1588 871 1645 et
884 1589 921 1646 di·

117 1686 222 1744 vidunt
238 1686 267 1743 et
281 1686 379 1745 dicunt
394 1687 506 1759 postea3
522 1686 672 1746 Maledicta
687 1686 725 1743 sit
742 1687 837 1745 anima
852 1687 921 1752 eius,

116 1787 185 1857 quia
208 1784 291 1857 plura
314 1787 407 1858 potuit
428 1785 508 1844 uobis
528 1785 597 1843 dare
618 1787 646 1841 et
666 1786 818 1857 acquirere,
837 1803 921 1858 quarn

116 1885 278 1956 acquisivit.
301 1884 418 1943 Vermes
440 1900 505 1942 vero
526 1884 676 1942 comedunt
696 1899 809 1955 corpus·
829 1884 868 1941 Et
882 1886 922 1943 sic

117 1982 213 2055 perdit
233 1984 357 2040 animam
379 1982 408 2039 et
428 1999 530 2054 corpus
551 1984 579 2040 in
601 1981 653 2040 hoc
668 1980 746 2039 brevi
761 1983 872 2041 saeculo
893 1985 921 2040 et

117 2080 199 2137 radit
219 2081 247 2138 in
270 2080 390 2153 inferno,
412 2064 459 2137 ubi
479 2081 652 2138 cruciabitur
674 2082 733 2138 sine
754 2080 809 2138 fine
826 2080 878 2157 (ci).

199 2179 234 2236 Iu
256 2180 368 2237 nomine
391 2180 485 2237 Patris
506 2179 535 2236 ct
556 2180 621 2237 Filii
637 2180 665 2237 et
679 2179 803 2252 Spiritus
819 2180 920 2239 sancti.

118 2278 220 2335 Amen.
231 2276 388 2346 Omnes,ad
398 2295 469 2351 quos
480 2279 593 2335 litterae
604 2280 675 2336 istae
685 2278 920 2356 pervenerintoe),

118 2392 169 2449 ego
190 2375 281 2435 frater
296 2376 472 2444 Franciscus‚
494 2378 585 2435 minor
608 2394 706 2435 servus
729 2380 830 2445 vester,
852 2395 920 2451 rogo

119 2474 147 2530 et
168 2473 283 2533 obsecro
304 2491 353 2532 vos
375 2476 402 2531 in
425 2475 558 2547 caritate,
581 2492 651 2548 quae
673 2476 754 2535 Dens
769 2479 810 2534 cst
822 2477 876 2549 (2),
892 2478 920 2533 et

119 2589 181 2629 curn
204 2572 352 2631 voluntate
373 2573 517 2630 osculandi
540 2574 623 2645 pedes
652 2575 771 2643 vestros,
793 2575 826 2631 ut
853 2573 921 2633 haec

120 2671 258 2730 odorifera
274 2671 360 2729 verbe
370 2670 416 2745 (f)
434 2671 543 2729 Domini
555 2674 647 2730 nostri
660 2673 724 2731 Iesu
737 2674 841 2731 Christi
857 2691 920 2732 cuin

121 2808 279 2815 ψ

184 2885 208 2944 1)
224 2884 280 2931 boe.
298 2882 378 2939 8,18.
676 2886 700 2944 2)
718 2886 737 2931 1.
755 2886 819 2933 ioan.
837 2885 862 2939 4.
878 2886 918 2947 Ι16.
