<?xml version="1.0" encoding="UTF-8"?>
<!DOCTYPE html PUBLIC "-//W3C//DTD XHTML 1.0 Transitional//EN"
    "http://www.w3.org/TR/xhtml1/DTD/xhtml1-transitional.dtd">
<html xmlns="http://www.w3.org/1999/xhtml" xml:lang="en" lang="en">
 <head>
  <title>
</title>
<meta http-equiv="Content-Type" content="text/html;charset=utf-8" />
  <meta name='ocr-system' content='tesseract 3.04.00' />
  <meta name='ocr-capabilities' content='ocr_page ocr_carea ocr_par ocr_line ocrx_word'/>
</head>
<body>
  <div class='ocr_page' id='page_1' title='image "bibliothecafran01romgoog_0090.png"; bbox 0 0 2284 3425; ppageno 0'>
   <div class='ocr_carea' id='block_1_1' title="bbox 139 183 656 273">
    <p class='ocr_par' dir='ltr' id='par_1_1' title="bbox 139 183 656 273">
     <span class='ocr_line' id='line_1_1' title="bbox 139 183 656 273; baseline 0.002 -13"><span class='ocrx_word' id='word_1_1' title='bbox 139 183 145 198; x_wconf 57' lang='lat'><em>¹</em></span> <span class='ocrx_word' id='word_1_2' title='bbox 174 203 212 260; x_wconf 87' lang='grc'><strong>68</strong></span> <span class='ocrx_word' id='word_1_3' title='bbox 360 268 362 273; x_wconf 49' lang='grc'>,</span> <span class='ocrx_word' id='word_1_4' title='bbox 492 220 604 263; x_wconf 77' lang='lat' dir='ltr'><strong>anama</strong></span> <span class='ocrx_word' id='word_1_5' title='bbox 625 221 656 262; x_wconf 89' lang='lat'><strong>11.</strong></span> 
     </span>
    </p>
   </div>
   <div class='ocr_carea' id='block_1_2' title="bbox 175 318 376 328">
    <p class='ocr_par' dir='ltr' id='par_1_2' title="bbox 175 318 376 328">
     <span class='ocr_line' id='line_1_2' title="bbox 175 318 376 328; baseline 0.005 -1"><span class='ocrx_word' id='word_1_6' title='bbox 175 318 376 328; x_wconf 74' lang='lat' dir='ltr'><strong>-—.-...-..—.a-—.</strong></span> 
     </span>
    </p>
   </div>
   <div class='ocr_carea' id='block_1_3' title="bbox 359 513 788 575">
    <p class='ocr_par' dir='ltr' id='par_1_3' title="bbox 359 513 788 575">
     <span class='ocr_line' id='line_1_3' title="bbox 359 513 788 575; baseline 0.002 -2"><span class='ocrx_word' id='word_1_7' title='bbox 359 517 392 575; x_wconf 89' lang='lat' dir='ltr'><strong>V.</strong></span> <span class='ocrx_word' id='word_1_8' title='bbox 415 550 452 560; x_wconf 92' lang='lat'><strong>—</strong></span> <span class='ocrx_word' id='word_1_9' title='bbox 473 515 515 575; x_wconf 89' lang='lat' dir='ltr'><strong>De</strong></span> <span class='ocrx_word' id='word_1_10' title='bbox 536 513 615 574; x_wconf 87' lang='lat' dir='ltr'><strong>medo</strong></span> <span class='ocrx_word' id='word_1_11' title='bbox 636 515 788 575; x_wconf 86' lang='lat' dir='ltr'><strong>laborandi.</strong></span> 
     </span>
    </p>
   </div>
   <div class='ocr_carea' id='block_1_4' title="bbox 253 703 973 784">
    <p class='ocr_par' dir='ltr' id='par_1_4' title="bbox 253 703 973 784">
     <span class='ocr_line' id='line_1_4' title="bbox 253 703 973 784; baseline 0.003 -24"><span class='ocrx_word' id='word_1_12' title='bbox 253 703 372 760; x_wconf 78' lang='lat' dir='ltr'><strong>Fratres</strong></span> <span class='ocrx_word' id='word_1_13' title='bbox 392 703 444 771; x_wconf 89' lang='lat' dir='ltr'><strong>iili,</strong></span> <span class='ocrx_word' id='word_1_14' title='bbox 465 703 568 776; x_wconf 87' lang='lat' dir='ltr'><strong>quibus</strong></span> <span class='ocrx_word' id='word_1_15' title='bbox 593 704 716 776; x_wconf 80' lang='lat' dir='ltr'><strong>gratiam</strong></span> <span class='ocrx_word' id='word_1_16' title='bbox 739 705 816 761; x_wconf 86' lang='lat' dir='ltr'><strong>dedit</strong></span> <span class='ocrx_word' id='word_1_17' title='bbox 836 705 973 784; x_wconf 81' lang='lat' dir='ltr'>Dominus</span> 
     </span>
    </p>
   </div>
   <div class='ocr_carea' id='block_1_5' title="bbox 172 801 1017 876">
    <p class='ocr_par' dir='ltr' id='par_1_5' title="bbox 172 801 1017 876">
     <span class='ocr_line' id='line_1_5' title="bbox 172 801 1017 876; baseline 0.002 -18"><span class='ocrx_word' id='word_1_18' title='bbox 172 801 329 872; x_wconf 85' lang='lat' dir='ltr'><strong>laborandi,</strong></span> <span class='ocrx_word' id='word_1_19' title='bbox 351 801 482 860; x_wconf 87' lang='lat' dir='ltr'><strong>laborent</strong></span> <span class='ocrx_word' id='word_1_20' title='bbox 502 801 624 859; x_wconf 85' lang='lat' dir='ltr'><strong>fideliter</strong></span> <span class='ocrx_word' id='word_1_21' title='bbox 644 802 674 860; x_wconf 90' lang='lat' dir='ltr'><strong>et</strong></span> <span class='ocrx_word' id='word_1_22' title='bbox 698 803 807 870; x_wconf 84' lang='lat' dir='ltr'><strong>devote,</strong></span> <span class='ocrx_word' id='word_1_23' title='bbox 829 803 972 876; x_wconf 77' lang='lat' dir='ltr'><strong>itaquel,</strong></span> <span class='ocrx_word' id='word_1_24' title='bbox 1016 828 1017 831; x_wconf 39' lang='lat'>¹</span> 
     </span>
    </p>
   </div>
   <div class='ocr_carea' id='block_1_6' title="bbox 170 900 973 1550">
    <p class='ocr_par' dir='ltr' id='par_1_6' title="bbox 170 900 973 1550">
     <span class='ocr_line' id='line_1_6' title="bbox 172 900 973 970; baseline 0.002 -12"><span class='ocrx_word' id='word_1_25' title='bbox 172 901 284 958; x_wconf 78' lang='lat' dir='ltr'><strong>excluso</strong></span> <span class='ocrx_word' id='word_1_26' title='bbox 305 901 362 959; x_wconf 88' lang='lat' dir='ltr'><strong>otio</strong></span> <span class='ocrx_word' id='word_1_27' title='bbox 382 902 493 958; x_wconf 88' lang='lat' dir='ltr'><strong>animae</strong></span> <span class='ocrx_word' id='word_1_28' title='bbox 515 903 641 970; x_wconf 69' lang='lat' dir='ltr'><strong>inimica.</strong></span> <span class='ocrx_word' id='word_1_29' title='bbox 658 900 772 959; x_wconf 87' lang='lat' dir='ltr'><strong>sanatae</strong></span> <span class='ocrx_word' id='word_1_30' title='bbox 793 902 929 960; x_wconf 85' lang='lat' dir='ltr'><strong>erationis</strong></span> <span class='ocrx_word' id='word_1_31' title='bbox 944 902 973 960; x_wconf 88' lang='lat' dir='ltr'><strong>et</strong></span> 
     </span>
     <span class='ocr_line' id='line_1_7' title="bbox 171 999 973 1072; baseline 0.004 -18"><span class='ocrx_word' id='word_1_32' title='bbox 171 999 481 1070; x_wconf 79' lang='lat' dir='ltr'><strong>devotionis&#39;spiritum</strong></span> <span class='ocrx_word' id='word_1_33' title='bbox 504 1015 559 1057; x_wconf 88' lang='lat' dir='ltr'><strong>nun</strong></span> <span class='ocrx_word' id='word_1_34' title='bbox 586 999 844 1072; x_wconf 77' lang='lat' dir='ltr'><strong>exstinguentem</strong></span> <span class='ocrx_word' id='word_1_35' title='bbox 871 1000 973 1058; x_wconf 82' lang='lat' dir='ltr'><strong>debent</strong></span> 
     </span>
     <span class='ocr_line' id='line_1_8' title="bbox 171 1096 972 1170; baseline 0.001 -16"><span class='ocrx_word' id='word_1_36' title='bbox 171 1098 264 1154; x_wconf 83' lang='lat' dir='ltr'><strong>uetera</strong></span> <span class='ocrx_word' id='word_1_37' title='bbox 284 1096 452 1170; x_wconf 84' lang='lat' dir='ltr'><strong>temporalia</strong></span> <span class='ocrx_word' id='word_1_38' title='bbox 473 1098 622 1156; x_wconf 82' lang='lat' dir='ltr'><strong>deservire.</strong></span> <span class='ocrx_word' id='word_1_39' title='bbox 645 1097 686 1154; x_wconf 91' lang='lat' dir='ltr'><strong>De</strong></span> <span class='ocrx_word' id='word_1_40' title='bbox 707 1097 830 1155; x_wconf 85' lang='lat' dir='ltr'><strong>mercede</strong></span> <span class='ocrx_word' id='word_1_41' title='bbox 850 1114 915 1156; x_wconf 86' lang='lat' dir='ltr'><strong>vera</strong></span> <span class='ocrx_word' id='word_1_42' title='bbox 929 1098 972 1155; x_wconf 91' lang='lat' dir='ltr'><strong>ia·</strong></span> 
     </span>
     <span class='ocr_line' id='line_1_9' title="bbox 172 1195 971 1267; baseline 0.003 -17"><span class='ocrx_word' id='word_1_43' title='bbox 172 1195 247 1251; x_wconf 89' lang='lat' dir='ltr'><strong>boris</strong></span> <span class='ocrx_word' id='word_1_44' title='bbox 269 1211 319 1267; x_wconf 90' lang='lat' dir='ltr'><strong>pro</strong></span> <span class='ocrx_word' id='word_1_45' title='bbox 340 1212 374 1252; x_wconf 86' lang='lat' dir='ltr'><strong>se</strong></span> <span class='ocrx_word' id='word_1_46' title='bbox 390 1196 420 1252; x_wconf 92' lang='lat' dir='ltr'><strong>et</strong></span> <span class='ocrx_word' id='word_1_47' title='bbox 440 1197 500 1252; x_wconf 89' lang='lat' dir='ltr'><strong>suis</strong></span> <span class='ocrx_word' id='word_1_48' title='bbox 521 1195 660 1254; x_wconf 83' lang='lat' dir='ltr'><strong>iratribus</strong></span> <span class='ocrx_word' id='word_1_49' title='bbox 674 1197 799 1267; x_wconf 86' lang='lat' dir='ltr'><strong>corperis</strong></span> <span class='ocrx_word' id='word_1_50' title='bbox 814 1197 971 1253; x_wconf 83' lang='lat' dir='ltr'><strong>necessaria</strong></span> 
     </span>
     <span class='ocr_line' id='line_1_10' title="bbox 171 1294 972 1366; baseline 0 -16"><span class='ocrx_word' id='word_1_51' title='bbox 171 1294 310 1365; x_wconf 88' lang='lat' dir='ltr'><strong>recipiant</strong></span> <span class='ocrx_word' id='word_1_52' title='bbox 331 1294 444 1366; x_wconf 88' lang='lat' dir='ltr'><strong>praeter</strong></span> <span class='ocrx_word' id='word_1_53' title='bbox 465 1294 595 1352; x_wconf 85' lang='lat' dir='ltr'><strong>denarius</strong></span> <span class='ocrx_word' id='word_1_54' title='bbox 615 1294 660 1351; x_wconf 83' lang='lat' dir='ltr'><strong>uel</strong></span> <span class='ocrx_word' id='word_1_55' title='bbox 687 1295 842 1364; x_wconf 77' lang='lat' dir='ltr'><strong>pecuniam,</strong></span> <span class='ocrx_word' id='word_1_56' title='bbox 864 1295 893 1352; x_wconf 87' lang='lat' dir='ltr'><strong>et</strong></span> <span class='ocrx_word' id='word_1_57' title='bbox 920 1294 972 1350; x_wconf 88' lang='lat' dir='ltr'><strong>hoe</strong></span> 
     </span>
     <span class='ocr_line' id='line_1_11' title="bbox 170 1391 972 1465; baseline -0.001 -16"><span class='ocrx_word' id='word_1_58' title='bbox 170 1391 324 1459; x_wconf 86' lang='lat' dir='ltr'><strong>humiliter,</strong></span> <span class='ocrx_word' id='word_1_59' title='bbox 347 1392 420 1450; x_wconf 84' lang='lat' dir='ltr'><strong>sient</strong></span> <span class='ocrx_word' id='word_1_60' title='bbox 441 1393 519 1449; x_wconf 86' lang='lat' dir='ltr'><strong>decet</strong></span> <span class='ocrx_word' id='word_1_61' title='bbox 540 1409 636 1450; x_wconf 87' lang='lat' dir='ltr'><strong>serves</strong></span> <span class='ocrx_word' id='word_1_62' title='bbox 658 1391 708 1449; x_wconf 87' lang='lat' dir='ltr'><strong>Dei</strong></span> <span class='ocrx_word' id='word_1_63' title='bbox 735 1393 764 1448; x_wconf 93' lang='lat' dir='ltr'><strong>et</strong></span> <span class='ocrx_word' id='word_1_64' title='bbox 792 1392 972 1465; x_wconf 73' lang='lat' dir='ltr'><strong>paupertatis</strong></span> 
     </span>
     <span class='ocr_line' id='line_1_12' title="bbox 170 1491 550 1550; baseline 0.008 -3"><span class='ocrx_word' id='word_1_65' title='bbox 170 1491 365 1548; x_wconf 78' lang='lat' dir='ltr'><strong>sanctissimae</strong></span> <span class='ocrx_word' id='word_1_66' title='bbox 387 1492 550 1550; x_wconf 79' lang='lat' dir='ltr'><strong>sectatores,</strong></span> 
     </span>
    </p>
   </div>
   <div class='ocr_carea' id='block_1_7' title="bbox 141 1660 970 1871">
    <p class='ocr_par' dir='ltr' id='par_1_7' title="bbox 141 1660 970 1871">
     <span class='ocr_line' id='line_1_13' title="bbox 172 1660 970 1772; baseline 0.001 -19"><span class='ocrx_word' id='word_1_67' title='bbox 172 1696 219 1753; x_wconf 88' lang='lat' dir='ltr'><strong>VI.</strong></span> <span class='ocrx_word' id='word_1_68' title='bbox 243 1729 279 1738; x_wconf 96' lang='lat'>-</span> <span class='ocrx_word' id='word_1_69' title='bbox 302 1693 378 1768; x_wconf 86' lang='lat' dir='ltr'><strong>Quod</strong></span> <span class='ocrx_word' id='word_1_70' title='bbox 399 1693 469 1754; x_wconf 85' lang='lat' dir='ltr'><strong>nihil</strong></span> <span class='ocrx_word' id='word_1_71' title='bbox 489 1693 653 1772; x_wconf 80' lang='lat' dir='ltr'><strong>appropient</strong></span> <span class='ocrx_word' id='word_1_72' title='bbox 676 1693 728 1755; x_wconf 88' lang='lat' dir='ltr'><strong>eibi</strong></span> <span class='ocrx_word' id='word_1_73' title='bbox 753 1660 862 1767; x_wconf 77' lang='lat' dir='ltr'><strong>fratres,</strong></span> <span class='ocrx_word' id='word_1_74' title='bbox 887 1701 916 1754; x_wconf 93' lang='lat' dir='ltr'><strong>et</strong></span> <span class='ocrx_word' id='word_1_75' title='bbox 937 1692 970 1754; x_wconf 86' lang='lat' dir='ltr'><strong>de</strong></span> 
     </span>
     <span class='ocr_line' id='line_1_14' title="bbox 141 1791 927 1871; baseline 0 -20"><span class='ocrx_word' id='word_1_76' title='bbox 141 1845 147 1855; x_wconf 84' lang='grc'><strong><em>,</em></strong></span> <span class='ocrx_word' id='word_1_77' title='bbox 209 1792 383 1871; x_wconf 77' lang='lat' dir='ltr'><strong>eleemosyna</strong></span> <span class='ocrx_word' id='word_1_78' title='bbox 403 1791 523 1871; x_wconf 86' lang='lat' dir='ltr'><strong>petenda</strong></span> <span class='ocrx_word' id='word_1_79' title='bbox 544 1800 574 1852; x_wconf 86' lang='lat' dir='ltr'><strong>et</strong></span> <span class='ocrx_word' id='word_1_80' title='bbox 594 1791 627 1852; x_wconf 88' lang='lat' dir='ltr'><strong>de</strong></span> <span class='ocrx_word' id='word_1_81' title='bbox 649 1792 781 1853; x_wconf 82' lang='lat' dir='ltr'><strong>fratribus</strong></span> <span class='ocrx_word' id='word_1_82' title='bbox 801 1792 927 1852; x_wconf 83' lang='lat' dir='ltr'><strong>infirmis.</strong></span> 
     </span>
    </p>
   </div>
   <div class='ocr_carea' id='block_1_8' title="bbox 167 1981 971 2251">
    <p class='ocr_par' dir='ltr' id='par_1_8' title="bbox 167 1981 971 2251">
     <span class='ocr_line' id='line_1_15' title="bbox 250 1981 968 2054; baseline -0.003 -15"><span class='ocrx_word' id='word_1_83' title='bbox 250 1981 365 2039; x_wconf 76' lang='lat' dir='ltr'><strong>Fratres</strong></span> <span class='ocrx_word' id='word_1_84' title='bbox 386 1982 458 2039; x_wconf 90' lang='lat' dir='ltr'><strong>nihil</strong></span> <span class='ocrx_word' id='word_1_85' title='bbox 486 1982 538 2039; x_wconf 90' lang='lat' dir='ltr'><strong>sibi</strong></span> <span class='ocrx_word' id='word_1_86' title='bbox 566 1982 754 2054; x_wconf 85' lang='lat' dir='ltr'><strong>approprient</strong></span> <span class='ocrx_word' id='word_1_87' title='bbox 782 1999 831 2039; x_wconf 87' lang='lat' dir='ltr'><strong>nee</strong></span> <span class='ocrx_word' id='word_1_88' title='bbox 856 1982 968 2040; x_wconf 89' lang='lat' dir='ltr'><strong>domum</strong></span> 
     </span>
     <span class='ocr_line' id='line_1_16' title="bbox 168 2079 971 2152; baseline 0 -17"><span class='ocrx_word' id='word_1_89' title='bbox 168 2095 218 2136; x_wconf 85' lang='lat' dir='ltr'><strong>nee</strong></span> <span class='ocrx_word' id='word_1_90' title='bbox 231 2080 321 2138; x_wconf 85' lang='lat' dir='ltr'><strong>lecum</strong></span> <span class='ocrx_word' id='word_1_91' title='bbox 338 2097 387 2137; x_wconf 87' lang='lat' dir='ltr'><strong>neu</strong></span> <span class='ocrx_word' id='word_1_92' title='bbox 401 2081 525 2152; x_wconf 87' lang='lat' dir='ltr'><strong>aliquam</strong></span> <span class='ocrx_word' id='word_1_93' title='bbox 541 2097 609 2136; x_wconf 90' lang='lat' dir='ltr'><strong>rem.</strong></span> <span class='ocrx_word' id='word_1_94' title='bbox 621 2079 659 2136; x_wconf 81' lang='lat' dir='ltr'><strong>Et</strong></span> <span class='ocrx_word' id='word_1_95' title='bbox 670 2079 971 2151; x_wconf 78' lang='lat' dir='ltr'><strong>tanquamperepr&#39;iut</strong></span> 
     </span>
     <span class='ocr_line' id='line_1_17' title="bbox 167 2177 970 2251; baseline -0.001 -18"><span class='ocrx_word' id='word_1_96' title='bbox 167 2180 194 2233; x_wconf 84' lang='lat' dir='ltr'><strong>et</strong></span> <span class='ocrx_word' id='word_1_97' title='bbox 214 2177 342 2235; x_wconf 81' lang='lat' dir='ltr'><strong>aduenae</strong></span> <span class='ocrx_word' id='word_1_98' title='bbox 357 2177 402 2251; x_wconf 84' lang='lat'><strong>(1)</strong></span> <span class='ocrx_word' id='word_1_99' title='bbox 426 2180 453 2235; x_wconf 91' lang='lat' dir='ltr'><strong>in</strong></span> <span class='ocrx_word' id='word_1_100' title='bbox 475 2178 527 2235; x_wconf 91' lang='lat' dir='ltr'><strong>hue</strong></span> <span class='ocrx_word' id='word_1_101' title='bbox 548 2179 659 2236; x_wconf 82' lang='lat' dir='ltr'><strong>saeculo</strong></span> <span class='ocrx_word' id='word_1_102' title='bbox 687 2179 715 2234; x_wconf 91' lang='lat' dir='ltr'><strong>in</strong></span> <span class='ocrx_word' id='word_1_103' title='bbox 744 2177 913 2250; x_wconf 86' lang='lat' dir='ltr'><strong>paupertate</strong></span> <span class='ocrx_word' id='word_1_104' title='bbox 941 2177 970 2233; x_wconf 90' lang='lat' dir='ltr'><strong>et</strong></span> 
     </span>
    </p>
   </div>
   <div class='ocr_carea' id='block_1_9' title="bbox 167 2273 995 2348">
    <p class='ocr_par' dir='ltr' id='par_1_9' title="bbox 167 2273 995 2348">
     <span class='ocr_line' id='line_1_18' title="bbox 167 2273 995 2348; baseline 0.004 -18"><span class='ocrx_word' id='word_1_105' title='bbox 167 2273 329 2333; x_wconf 86' lang='lat' dir='ltr'><strong>humilitate</strong></span> <span class='ocrx_word' id='word_1_106' title='bbox 343 2275 462 2334; x_wconf 85' lang='lat' dir='ltr'><strong>Domino</strong></span> <span class='ocrx_word' id='word_1_107' title='bbox 477 2276 650 2334; x_wconf 77' lang='lat' dir='ltr'><strong>famulantes</strong></span> <span class='ocrx_word' id='word_1_108' title='bbox 665 2276 772 2333; x_wconf 88' lang='lat' dir='ltr'><strong>vadant</strong></span> <span class='ocrx_word' id='word_1_109' title='bbox 787 2292 837 2348; x_wconf 89' lang='lat' dir='ltr'><strong>pm</strong></span> <span class='ocrx_word' id='word_1_110' title='bbox 852 2276 969 2333; x_wconf 86' lang='lat' dir='ltr'><strong>eleemo·</strong></span> <span class='ocrx_word' id='word_1_111' title='bbox 993 2328 995 2333; x_wconf 81' lang='grc'>,</span> 
     </span>
    </p>
   </div>
   <div class='ocr_carea' id='block_1_10' title="bbox 167 2373 969 2641">
    <p class='ocr_par' dir='ltr' id='par_1_10' title="bbox 167 2373 969 2641">
     <span class='ocr_line' id='line_1_19' title="bbox 167 2373 969 2446; baseline 0 -17"><span class='ocrx_word' id='word_1_112' title='bbox 167 2390 238 2446; x_wconf 85' lang='lat' dir='ltr'><strong>syna</strong></span> <span class='ocrx_word' id='word_1_113' title='bbox 265 2373 447 2439; x_wconf 84' lang='lat' dir='ltr'><strong>confidenter,</strong></span> <span class='ocrx_word' id='word_1_114' title='bbox 479 2391 530 2431; x_wconf 84' lang='lat' dir='ltr'><strong>nea</strong></span> <span class='ocrx_word' id='word_1_115' title='bbox 561 2374 675 2445; x_wconf 83' lang='lat' dir='ltr'><strong>oportet</strong></span> <span class='ocrx_word' id='word_1_116' title='bbox 702 2390 749 2431; x_wconf 90' lang='lat' dir='ltr'><strong>eos</strong></span> <span class='ocrx_word' id='word_1_117' title='bbox 777 2373 969 2438; x_wconf 82' lang='lat' dir='ltr'><strong>verecundari,</strong></span> 
     </span>
     <span class='ocr_line' id='line_1_20' title="bbox 167 2470 969 2544; baseline -0.001 -16"><span class='ocrx_word' id='word_1_118' title='bbox 167 2473 233 2543; x_wconf 90' lang='lat' dir='ltr'><strong>qnia</strong></span> <span class='ocrx_word' id='word_1_119' title='bbox 255 2471 392 2530; x_wconf 87' lang='lat' dir='ltr'><strong>Dominus</strong></span> <span class='ocrx_word' id='word_1_120' title='bbox 410 2489 461 2544; x_wconf 88' lang='lat' dir='ltr'><strong>pre</strong></span> <span class='ocrx_word' id='word_1_121' title='bbox 482 2471 563 2530; x_wconf 88' lang='lat' dir='ltr'><strong>nubis</strong></span> <span class='ocrx_word' id='word_1_122' title='bbox 579 2489 608 2529; x_wconf 92' lang='lat' dir='ltr'><strong>se</strong></span> <span class='ocrx_word' id='word_1_123' title='bbox 623 2472 688 2529; x_wconf 84' lang='lat' dir='ltr'><strong>feeit</strong></span> <span class='ocrx_word' id='word_1_124' title='bbox 707 2488 856 2543; x_wconf 84' lang='lat' dir='ltr'><strong>pauperem</strong></span> <span class='ocrx_word' id='word_1_125' title='bbox 872 2472 901 2527; x_wconf 92' lang='lat' dir='ltr'><strong>in</strong></span> <span class='ocrx_word' id='word_1_126' title='bbox 917 2470 969 2528; x_wconf 87' lang='lat' dir='ltr'><strong>hoe</strong></span> 
     </span>
     <span class='ocr_line' id='line_1_21' title="bbox 167 2569 969 2641; baseline -0.001 -15"><span class='ocrx_word' id='word_1_127' title='bbox 167 2569 280 2627; x_wconf 85' lang='lat' dir='ltr'><strong>munde.</strong></span> <span class='ocrx_word' id='word_1_128' title='bbox 301 2570 378 2628; x_wconf 80' lang='lat' dir='ltr'><strong>Haec</strong></span> <span class='ocrx_word' id='word_1_129' title='bbox 398 2569 443 2627; x_wconf 86' lang='lat' dir='ltr'><strong>est</strong></span> <span class='ocrx_word' id='word_1_130' title='bbox 464 2570 514 2627; x_wconf 88' lang='lat' dir='ltr'><strong>iiia</strong></span> <span class='ocrx_word' id='word_1_131' title='bbox 527 2569 664 2628; x_wconf 84' lang='lat' dir='ltr'><strong>celsitudo</strong></span> <span class='ocrx_word' id='word_1_132' title='bbox 678 2570 834 2626; x_wconf 84' lang='lat' dir='ltr'><strong>altissimae</strong></span> <span class='ocrx_word' id='word_1_133' title='bbox 850 2584 969 2641; x_wconf 82' lang='lat' dir='ltr'><strong>pauper-</strong></span> 
     </span>
    </p>
   </div>
   <div class='ocr_carea' id='block_1_11' title="bbox 1080 931 1138 1997">
    <p class='ocr_par' dir='ltr' id='par_1_11' title="bbox 1080 931 1138 2001">
     <span class='ocr_line' id='line_1_22' title="bbox 1137 931 1138 950; baseline 0 0"><span class='ocrx_word' id='word_1_134' title='bbox 1137 931 1138 950; x_wconf 86' lang='lat' dir='ltr'><strong>l</strong></span> 
     </span>
     <span class='ocr_line' id='line_1_23' title="bbox 1080 1982 1085 1997; baseline 0 4"><span class='ocrx_word' id='word_1_135' title='bbox 1080 1982 1085 1997; x_wconf 59' lang='grc' dir='ltr'>ἲ</span> 
     </span>
    </p>
   </div>
   <div class='ocr_carea' id='block_1_12' title="bbox 167 2666 1064 2740">
    <p class='ocr_par' dir='ltr' id='par_1_12' title="bbox 167 2666 1064 2740">
     <span class='ocr_line' id='line_1_24' title="bbox 167 2666 1064 2740; baseline 0 -18"><span class='ocrx_word' id='word_1_136' title='bbox 167 2667 246 2735; x_wconf 77' lang='lat' dir='ltr'><strong>uatis,</strong></span> <span class='ocrx_word' id='word_1_137' title='bbox 267 2685 338 2740; x_wconf 85' lang='lat' dir='ltr'><strong>quae</strong></span> <span class='ocrx_word' id='word_1_138' title='bbox 360 2684 419 2736; x_wconf 81' lang='lat' dir='ltr'><strong>voe,</strong></span> <span class='ocrx_word' id='word_1_139' title='bbox 441 2669 601 2725; x_wconf 82' lang='lat' dir='ltr'><strong>carissimos</strong></span> <span class='ocrx_word' id='word_1_140' title='bbox 623 2668 727 2724; x_wconf 84' lang='lat' dir='ltr'><strong>fratres</strong></span> <span class='ocrx_word' id='word_1_141' title='bbox 749 2684 833 2733; x_wconf 80' lang='lat' dir='ltr'><strong>meae,</strong></span> <span class='ocrx_word' id='word_1_142' title='bbox 851 2666 968 2723; x_wconf 87' lang='lat' dir='ltr'><strong>heredes</strong></span> <span class='ocrx_word' id='word_1_143' title='bbox 1061 2668 1064 2675; x_wconf 82' lang='grc'>’</span> 
     </span>
    </p>
   </div>
   <div class='ocr_carea' id='block_1_13' title="bbox 232 2879 539 2942">
    <p class='ocr_par' dir='ltr' id='par_1_13' title="bbox 232 2879 539 2942">
     <span class='ocr_line' id='line_1_25' title="bbox 232 2879 539 2942; baseline 0 -17"><span class='ocrx_word' id='word_1_144' title='bbox 232 2881 253 2939; x_wconf 85' lang='grc' dir='ltr'><strong>ι)</strong></span> <span class='ocrx_word' id='word_1_145' title='bbox 271 2879 319 2942; x_wconf 69' lang='lat' dir='ltr'><strong>cre.</strong></span> <span class='ocrx_word' id='word_1_146' title='bbox 338 2880 357 2929; x_wconf 90' lang='lat'><strong>1.</strong></span> <span class='ocrx_word' id='word_1_147' title='bbox 375 2881 439 2927; x_wconf 77' lang='lat' dir='ltr'><strong>retr.</strong></span> <span class='ocrx_word' id='word_1_148' title='bbox 457 2881 482 2937; x_wconf 85' lang='lat'><strong>2,</strong></span> <span class='ocrx_word' id='word_1_149' title='bbox 502 2881 539 2926; x_wconf 88' lang='lat' dir='ltr'><strong>n.</strong></span> 
     </span>
    </p>
   </div>
   <div class='ocr_carea' id='block_1_14' title="bbox 0 0 1146 3425">
    <p class='ocr_par' dir='ltr' id='par_1_14' title="bbox 0 0 1146 3425">
     <span class='ocr_line' id='line_1_26' title="bbox 0 0 1146 3425; baseline 0 2"><span class='ocrx_word' id='word_1_150' title='bbox 0 0 1146 3425; x_wconf 95' lang='lat' dir='ltr'><strong> </strong></span> 
     </span>
    </p>
   </div>
  </div>
 </body>
</html>
