2284 3425
978 1 1098 82 Ι·

231 177 269 233 50
557 193 669 236 unauna
691 193 710 236 1.

740 261 747 284 ‹

164 390 167 394 “
230 382 344 442 dotibus
357 380 504 439 catholicis
517 385 679 455 acceperint
693 385 894 457 poenitentiam
910 383 939 440 et
953 383 1037 442 abso·

230 482 377 549 tutionem,
398 479 521 538 absoluti
536 481 624 541 erunt
636 484 733 555 procui
747 482 831 540 dubio
845 481 881 539 ab
896 483 953 540 illis
968 499 1034 555 pec-

230 583 311 650 catis,
327 584 350 640 si
365 582 567 655 poenitentiam
580 582 633 639 sibi
645 570 799 640 iniunctam
817 582 1035 654 procuraverint

229 680 375 739 humiliter
386 682 415 739 et
426 681 548 739 fideliter
562 680 713 739 observare
722 679 777 758 (a).
788 681 815 738 Si
829 697 895 739 vero
906 681 975 738 tunc
990 696 1035 736 sa·

229 779 368 838 cardetum
390 779 493 838 habere
510 796 566 839 non
583 779 726 852 poterunt,
742 779 932 838 confiteantur
947 777 1033 836 fratri

230 894 289 946 suo,
304 878 378 935 sicut
391 878 460 936 dicit
472 878 621 950 apostolos
635 875 825 952 Iacobus(1):
845 875 1035 947 Oonfiiemine'

215 975 411 1034 'atterutrum'
424 980 545 1048 pecnnia
558 981 665 1034 oestro.
681 975 744 1034 Non
760 975 855 1034 tamen
867 975 905 1060 'ob
919 974 971 1033 hoc
986 971 1032 1052 (b)

229 1073 378 1132 dimittant
397 1091 541 1133 recurrere
562 1074 599 1132 ad
625 1073 794 1140 sacerdotum
815 1075 881 1147 qnia
903 1073 1035 1146 potestas

228 1172 336 1246 ligandi
358 1171 387 1230 et
401 1173 526 1232 soluendi
542 1173 611 1231 solis
626 1171 819 1231 sacerdotibus
832 1171 877 1230 est
889 1187 1033 1230 concessa.

229 1271 268 1329 Et
287 1273 327 1329 sic
346 1271 461 1330 contriti
483 1272 513 1329 ot
532 1271 652 1330 confessi
676 1270 791 1329 sumant
805 1287 907 1342 corpus
922 1271 951 1327 et
965 1287 1034 1327 saii-

228 1371 342 1443 guinom
367 1369 476 1429 Domini
505 1372 596 1430 nostri
618 1371 684 1429 Iesu
707 1369 813 1427 Christi
841 1386 903 1427 cum
926 1385 1034 1441 magna

229 1469 391 1527 humilitate
412 1469 442 1527 et
462 1471 643 1528 veneratione
665 1449 854 1535 recordantem
876 1467 949 1540 quod
971 1467 1034 1539 ipse

230 1569 367 1626 Dominus
387 1567 455 1626 dicit
465 1567 526 1642 (2):
545 1568 604 1644 Qui
625 1568 786 1626 manducet
799 1582 893 1624 meum
913 1581 1033 1622 curnem
1134 1639 1135 1642 Ἴ

228 1669 255 1725 ct
274 1667 346 1726 bibit
359 1683 454 1726 meum
467 1668 641 1741 sanquinem
656 1665 743 1725 nabet
756 1666 846 1723 eitum
865 1667 1034 1735 oeternum
1134 1667 1135 1690 ¹

179 1816 182 1829 ,
229 1768 258 1825 et
274 1764 334 1841 (3);
357 1768 423 1824 Hoc
442 1764 529 1835 facite
549 1767 583 1823 in
603 1782 696 1823 meam
722 1766 1032 1823 commemorationem.

289 1971 365 2028 XXI.
386 1968 486 2043 -De
506 1967 589 2029 laudo
610 1976 639 2028 ot
660 1968 860 2039 exhortatione,
884 1985 966 2043 quam

449 2075 564 2145 poscunt
585 2067 676 2127 faeere
698 2066 808 2127 fratrea¹

310 2256 348 2313 Et
369 2255 442 2314 hanc
462 2256 505 2314 vel
518 2254 557 2333 (c)
580 2256 666 2313 talem
686 2254 960 2325 exhortationemot
973 2253 1032 2310 iau-

229 2356 290 2413 dom
312 2370 410 2413 omnes
430 2354 535 2424 fratros
556 2355 619 2421 moi,
641 2352 872 2427 quandocumque
894 2350 1033 2424 placuerit
1130 2338 1131 2351 ¹

229 2455 278 2521 eia,
292 2452 464 2511 annuntiare
478 2453 599 2524 possunt
614 2452 689 2508 inter
702 2467 891 2524 quoscumque
905 2450 1032 2507 hominos
1129 2496 1130 2525 ζ

228 2568 291 2609 eum
307 2550 497 2609 benedictione
512 2545 579 2607 Dei:
591 2549 697 2607 Timete
712 2551 741 2607 et
755 2548 901 2615 honorato,
917 2547 1031 2605 landate

294 2781 316 2837 n
334 2781 381 2827 luc.
400 2758 424 2836 ’5,
445 2781 481 2826 lo.
1127 2800 1128 2807 κ

291 2862 316 2919 2)
333 2861 399 2907 locu.
417 2862 441 2918 6,
459 2861 498 2908 55.
814 2859 838 2915 3)
857 2858 911 2903 Luc.
924 2854 966 2915 22,’
981 2857 1016 2904 19.
1127 2846 1128 2861 ’
