2284 3425
207 208 263 265 102
515 223 649 264 urrsronr
671 223 701 263 n.

206 434 256 489 per
276 383 447 474 souiouiiam
471 416 581 474 Domini
603 415 872 490 nuoricboniuffl).
891 415 1007 490 Quanto

204 509 322 573 maiora
342 517 370 572 ct
390 510 534 572 dcieriorc
553 516 681 570 merctur
696 517 765 586 pati
785 513 941 586 supplicio,
955 513 1007 586 qui

100 625 103 630 ·
205 613 322 672 Filium
349 611 404 671 Dei
431 612 651 670 conculcaverit.
667 615 695 670 ci
719 614 892 704 sanquinem
921 615 1006 670 tesiu-

108 734 110 738 ·
203 713 295 769 menti
311 711 462 782 pollutum
476 709 602 780 duxerit,
616 711 646 768 in
666 728 723 783 quo
737 710 937 781 sanctificatus
955 711 1005 781 coi,

132 800 135 806 ’
204 813 232 867 et
253 809 383 882 Spiritui
401 806 519 883 oratioe
540 809 747 867 contumeliam
764 807 942 884 fecerii(2)?
957 807 1007 865 De-

205 909 290 981 spicit
313 909 387 966 onim
415 907 508 981 homo,
538 908 648 980 poiiuii'
668 907 696 966 et
723 908 868 966 conculcat
892 907 1006 979 Agnum

206 1008 265 1074 Dei,
288 1003 410 1080 quondo,
431 1007 593 1065 sicui·dicii
614 1006 761 1078 apostolus
777 1005 831 1080 (3),
853 1023 913 1062 oon
933 1003 1006 1062 diiu-

205 1105 308 1163 dicans
328 1105 358 1162 ei
378 1105 539 1163 discernens
561 1105 691 1163 sancium
714 1090 814 1177 ponorn
838 1103 943 1160 Christi
970 1103 1007 1160 ub

205 1205 269 1261 aliis
290 1204 403 1262 cibariis
425 1205 470 1262 vei
491 1204 623 1276 operibus
645 1204 689 1260 voi
708 1203 841 1276 indignus
857 1202 1026 1260 manducat·

203 1303 248 1360 voi
271 1303 367 1370 otium,
389 1304 411 1360 si
434 1304 509 1360 ossei
529 1303 641 1384 {lignun
664 1319 736 1360 uano
756 1303 785 1359 oi
803 1301 917 1374 indigne
932 1281 1008 1358 man·

202 1397 299 1469 ducat,
318 1418 382 1479 oum
414 1402 550 1459 Dominus
580 1419 629 1474 per
644 1455 645 1458 ,
659 1400 826 1473 prophetam
854 1400 930 1457 dicut
944 1397 1005 1474 (4):

206 1498 386 1557 Maledictus
407 1499 501 1572 homo,
523 1500 576 1570 qui
596 1498 670 1568 fucit
690 1515 762 1570 opus
783 1499 910 1556 Domini
926 1495 1008 1567 frou·

206 1597 346 1656 dulenior.
368 1598 405 1654 ut
431 1597 599 1676 suendum,
621 1599 668 1670 qui
697 1597 799 1675 nolunt
827 1597 878 1655 hoc
906 1613 1009 1668 ponere

206 1716 291 1771 super
311 1712 367 1765 cor,
389 1697 550 1756 coniomnui
569 1697 679 1756 dicens:
698 1696 878 1755 Moledc‘com
899 1693 1008 1753 benedi-

205 1798 351 1855 ctionibus
370 1798 476 1854 vestris
492 1792 536 1870 (5)

286 1896 398 1962 Audito,
420 1895 525 1953 fratros
546 1896 615 1952 moi:
637 1895 664 1952 Si
692 1894 774 1951 bunia
805 1894 889 1966 Virgo
917 1892 1009 1951 Maria

206 1995 246 2052 sio
268 1993 432 2061 honoratur,
454 1994 487 2050 ui
506 1993 698 2066 dignum-osi,
720 1994 786 2065 quio
800 1993 892 2065 ipsum
915 1990 1009 2063 pociu-

206 2093 296 2150 viiio
319 2094 498 2150 sanctissimo
520 2093 609 2160 utero,
626 2092 649 2149 si
672 2092 804 2163 Baptista
826 2091 926 2148 boatus
946 2105 1009 2147 con·

205 2192 323 2248 tremuit
342 2191 372 2249 oi
393 2207 448 2249 nou
470 2191 555 2248 andri
577 2190 693 2263 tangore
715 2192 843 2248 sunctum
861 2190 911 2247 D'oi
925 2189 1009 2246 verti·

206 2308 274 2357 com,
296 2292 318 2346 si
348 2291 517 2362 sepulcrum,
540 2291 567 2346 in
596 2304 651 2361 quo
677 2306 725 2362 por
753 2288 866 2361 aliquod
895 2288 1008 2359 tempus

206 2389 301 2457 iacuit,
330 2388 490 2455 veneratur,
517 2387 654 2460 quantum
684 2386 768 2445 debui
792 2404 852 2444 osso
882 2384 1008 2454 sancius,

206 2488 299 2544 iustus
319 2487 348 2543 ot
368 2487 481 2560 dignun
503 2483 550 2559 qui
573 2502 628 2543 non
651 2487 705 2543 iarn
722 2486 898 2555 moriturum,
915 2484 962 2541 sod
979 2485 1007 2541 in

271 2736 279 2781 1
285 2740 293 2795 i
311 2736 384 2782 nour.
404 2735 441 2793 10,
459 2735 498 2781 uu.

267 2818 292 2874 2)
309 2818 382 2863 Hobr.
403 2817 439 2874 10,
457 2816 496 2862 29.
757 2815 780 2873 3)
798 2815 817 2861 Ι.
836 2814 888 2862 Gor.
910 2813 946 2872 ll,
964 2812 1005 2861 29.
1110 2862 1112 2869 ,

268 2899 293 2956 4)
312 2898 393 2945 lerum.
410 2898 451 2954 48,
472 2898 507 2943 lo.
756 2898 780 2954 5)
799 2896 900 2943 Muluclr.
918 2894 942 2953 2,
959 2895 984 2941 2.
