2284 3425
193 206 231 263 84
297 225 332 264 DE
353 224 500 266 anticio-al
522 225 713 266 ulala'l'raonn
735 224 763 265 ΙΝ
785 225 887 266 ΕΒΕΜΟ.

193 413 278 473 horas
292 431 359 472 suas
374 415 403 472 et
421 415 543 488 surgant
563 415 599 472 ad
621 416 807 484 matutinum3
822 416 851 477 at
860 416 993 487 primum

193 517 337 587 quaerant
346 530 469 587 repnum
479 515 537 572 Dei
546 517 574 571 et
583 515 727 572 iustitiam
739 515 801 572 eius
810 512 863 590 (1).
875 514 914 571 Et
923 514 994 573 hora

192 630 318 687 congrua
332 612 429 670 dicant
443 614 563 685 primam
585 614 614 670 et
635 613 750 670 tertiam
772 615 801 670 et
815 612 881 686 post
894 613 993 671 horam

193 713 309 770 tertiam
324 713 476 772 absolvant
490 713 635 770 silentium
650 713 680 770 et
694 714 806 786 possint
820 714 896 786 loqui
911 713 940 771 et
954 715 994 770 ire

194 811 229 868 ad
251 812 357 869 matres
378 812 499 880 suaset,
513 811 626 884 quando
648 811 797 885 placuerit,
821 812 932 884 possint
946 819 994 884 pe'·

194 911 253 967 tere
274 909 311 967 ab
325 912 365 968 eis
379 911 583 984 eleemosynam
600 913 717 984 propter
737 927 860 970 amorem
883 909 994 969 Domini

195 1008 247 1066 Dei
267 1009 341 1067 sicut
362 1010 474 1082 parvoli
487 1007 532 1084 (α)
554 1026 701 1083 pauperes
721 1010 759 1068 Et
780 1010 879 1083 postea
899 1009 995 1067 dicant

195 1108 303 1166 sextam
322 1109 353 1166 'et
373 1125 476 1167 nonam
498 1108 527 1166 et
548 1126 681 1182 vesperas
703 1110 828 1182 tempore
849 1109 950 1167 debito.

275 1206 313 1264 Et
327 1208 355 1265 in
370 1190 505 1276 claustra,
520 1207 567 1265 ubi
583 1208 740 1276 morantur,
755 1224 811 1266 non
826 1206 996 1280 permittant

194 1306 318 1378 aliquam
328 1305 371 1380 (b)
388 1322 534 1378 personam
551 1307 669 1365 introire
683 1323 772 1379 neque
787 1307 823 1364 ibi
838 1306 995 1365 comedant.

195 1404 233 1461 nt
247 1404 289 1462 illi
304 1403 418 1472 fratres,
433 1406 480 1478 qui
501 1405 569 1462 sunt
590 1405 705 1474 matina,
728 1405 861 1462 studeant
883 1420 996 1462 manere

197 1503 301 1565 remote
322 1503 359 1585 ale
379 1505 454 1561 omni
476 1519 596 1575 persona
617 1504 646 1561 et
675 1521 724 1576 par
745 1503 930 1562 obedientiam
952 1502 996 1559 sui

196 1601 372 1675 eustodislc)
394 1602 556 1660 custodiant
578 1602 653 1660 filios
674 1618 739 1661 suos
766 1601 803 1659 ab
831 1603 904 1662 omni
933 1606 997 1674 per·

142 1716 144 1720 ·
198 1717 276 1770 sona,
289 1700 322 1758 ut
336 1718 416 1759 nemo
431 1701 608 1775 possitloqui
627 1719 688 1759 cum
701 1703 749 1759 eis.
761 1701 799 1759 Et
810 1701 857 1769 isti
873 1700 924 1760 filii
940 1718 996 1760 non

196 1798 351 1872 loquantur
363 1816 427 1856 cum
442 1800 539 1873 aliqua
560 1789 681 1871 persona
702 1802 756 1858 nisi
772 1818 834 1859 cnm
857 1798 997 1857 matribus

198 1899 257 1955 suis
271 1898 300 1954 et
313 1914 375 1956 oum
390 1898 505 1957 custode
520 1914 570 1956 suo
582 1896 636 1973 (d),
651 1898 763 1971 quando
778 1898 900 1971 placebit
914 1899 937 1955 ei
960 1899 997 1955 ri·

198 1997 284 2054 sitare
298 1996 375 2068 ipsos
388 2014 450 2054 cum
473 1996 663 2055 benedictione
685 1996 745 2055 Dei.
767 1996 832 2054 Filii
853 2012 918 2054 vero
939 1996 998 2055 offi-

197 2096 270 2153 cium
285 2095 408 2152 matrum
431 2095 597 2168 quandoque
618 2095 775 2163 assumant,
799 2095 872 2153 sicut
893 2095 998 2152 uicissi-

198 2193 365 2252 tudinaliter
379 2210 430 2266 pro
445 2193 570 2266 tempore
588 2195 678 2253 risum
695 2192 780 2251 fuerit
795 2195 834 2250 eis
848 2193 998 2265 disponen-

119 2340 122 2345 .
198 2292 274 2349 dom.
296 2291 349 2360 Qui
370 2292 464 2349 omnia
492 2290 656 2363 supradicta
685 2292 809 2349 studiose
829 2292 858 2349 et
879 2290 999 2350 sollicite

199 2388 334 2447 studeant
354 2389 528 2466 observare(
547 2388 567 2467 ).

203 2524 363 2533 ——a

263 2603 298 2660 (l)
316 2603 372 2649 Luc.
393 2602 430 2660 12,
448 2601 487 2648 31.

495 2796 706 2835 —vaq
