<?xml version="1.0" encoding="UTF-8"?>
<!DOCTYPE html PUBLIC "-//W3C//DTD XHTML 1.0 Transitional//EN"
    "http://www.w3.org/TR/xhtml1/DTD/xhtml1-transitional.dtd">
<html xmlns="http://www.w3.org/1999/xhtml" xml:lang="en" lang="en">
 <head>
  <title>
</title>
<meta http-equiv="Content-Type" content="text/html;charset=utf-8" />
  <meta name='ocr-system' content='tesseract 3.04.00' />
  <meta name='ocr-capabilities' content='ocr_page ocr_carea ocr_par ocr_line ocrx_word'/>
</head>
<body>
  <div class='ocr_page' id='page_1' title='image "bibliothecafran01romgoog_0021.png"; bbox 0 0 2284 3425; ppageno 0'>
   <div class='ocr_carea' id='block_1_1' title="bbox 487 186 972 239">
    <p class='ocr_par' dir='ltr' id='par_1_1' title="bbox 487 186 972 239">
     <span class='ocr_line' id='line_1_1' title="bbox 487 186 972 239; baseline -0.006 -10"><span class='ocrx_word' id='word_1_1' title='bbox 487 187 653 239; x_wconf 74' lang='lat' dir='ltr'>rennuente.</span> <span class='ocrx_word' id='word_1_2' title='bbox 936 186 972 227; x_wconf 75' lang='lat' dir='ltr'>XV</span> 
     </span>
    </p>
   </div>
   <div class='ocr_carea' id='block_1_2' title="bbox 167 373 1059 1967">
    <p class='ocr_par' dir='ltr' id='par_1_2' title="bbox 168 373 1059 569">
     <span class='ocr_line' id='line_1_2' title="bbox 168 373 1059 463; baseline -0.002 -20"><span class='ocrx_word' id='word_1_3' title='bbox 168 382 298 443; x_wconf 89' lang='lat' dir='ltr'>sanetus</span> <span class='ocrx_word' id='word_1_4' title='bbox 320 379 439 446; x_wconf 79' lang='lat' dir='ltr'>dixisse</span> <span class='ocrx_word' id='word_1_5' title='bbox 462 387 493 445; x_wconf 91' lang='lat' dir='ltr'>et</span> <span class='ocrx_word' id='word_1_6' title='bbox 518 376 714 463; x_wconf 79' lang='lat' dir='ltr'>praedicasse</span> <span class='ocrx_word' id='word_1_7' title='bbox 734 375 861 455; x_wconf 85' lang='lat' dir='ltr'>dicitur,</span> <span class='ocrx_word' id='word_1_8' title='bbox 877 373 971 441; x_wconf 90' lang='lat' dir='ltr'>oetie-</span> <span class='ocrx_word' id='word_1_9' title='bbox 999 450 1004 460; x_wconf 27' lang='lat'><strong><em>¹</em></strong></span> <span class='ocrx_word' id='word_1_10' title='bbox 1054 386 1059 393; x_wconf 85' lang='lat'>·</span> 
     </span>
     <span class='ocr_line' id='line_1_3' title="bbox 168 482 1027 569; baseline -0.001 -20"><span class='ocrx_word' id='word_1_11' title='bbox 168 482 223 569; x_wconf 87' lang='lat' dir='ltr'>git.</span> <span class='ocrx_word' id='word_1_12' title='bbox 248 484 412 553; x_wconf 80' lang='lat' dir='ltr'>Sermones</span> <span class='ocrx_word' id='word_1_13' title='bbox 437 485 485 553; x_wconf 92' lang='lat' dir='ltr'>isti</span> <span class='ocrx_word' id='word_1_14' title='bbox 511 487 540 550; x_wconf 89' lang='lat' dir='ltr'>S.</span> <span class='ocrx_word' id='word_1_15' title='bbox 565 482 717 551; x_wconf 76' lang='lat' dir='ltr'>francisci</span> <span class='ocrx_word' id='word_1_16' title='bbox 734 503 753 549; x_wconf 89' lang='lat' dir='ltr'>a</span> <span class='ocrx_word' id='word_1_17' title='bbox 769 482 971 550; x_wconf 86' lang='lat' dir='ltr'>diversisau·</span> <span class='ocrx_word' id='word_1_18' title='bbox 1021 490 1027 502; x_wconf 84' lang='lat'><strong><em>‘</em></strong></span> 
     </span>
    </p>

    <p class='ocr_par' dir='ltr' id='par_1_3' title="bbox 167 589 971 1967">
     <span class='ocr_line' id='line_1_4' title="bbox 168 589 967 679; baseline -0.003 -22"><span class='ocrx_word' id='word_1_19' title='bbox 168 590 310 658; x_wconf 88' lang='lat' dir='ltr'>cteribus</span> <span class='ocrx_word' id='word_1_20' title='bbox 326 599 357 658; x_wconf 94' lang='lat' dir='ltr'>et</span> <span class='ocrx_word' id='word_1_21' title='bbox 374 592 510 679; x_wconf 87' lang='lat' dir='ltr'>tegendis</span> <span class='ocrx_word' id='word_1_22' title='bbox 525 591 651 659; x_wconf 86' lang='lat' dir='ltr'>diverso</span> <span class='ocrx_word' id='word_1_23' title='bbox 667 590 760 657; x_wconf 91' lang='lat' dir='ltr'>medo</span> <span class='ocrx_word' id='word_1_24' title='bbox 781 589 967 671; x_wconf 67' lang='lat' dir='ltr'>tradentem</span> 
     </span>
     <span class='ocr_line' id='line_1_5' title="bbox 168 689 971 786; baseline -0.002 -22"><span class='ocrx_word' id='word_1_25' title='bbox 168 697 253 778; x_wconf 86' lang='lat' dir='ltr'>unde</span> <span class='ocrx_word' id='word_1_26' title='bbox 284 697 398 786; x_wconf 77' lang='lat' dir='ltr'>forme</span> <span class='ocrx_word' id='word_1_27' title='bbox 433 702 552 767; x_wconf 88' lang='lat' dir='ltr'>ineerta</span> <span class='ocrx_word' id='word_1_28' title='bbox 583 706 641 778; x_wconf 86' lang='lat' dir='ltr'>est,</span> <span class='ocrx_word' id='word_1_29' title='bbox 674 698 768 765; x_wconf 91' lang='lat' dir='ltr'>immo</span> <span class='ocrx_word' id='word_1_30' title='bbox 802 689 971 783; x_wconf 77' lang='lat' dir='ltr'>aliquando</span> 
     </span>
     <span class='ocr_line' id='line_1_6' title="bbox 168 805 970 891; baseline -0.001 -20"><span class='ocrx_word' id='word_1_31' title='bbox 168 806 278 891; x_wconf 83' lang='lat' dir='ltr'>spuria</span> <span class='ocrx_word' id='word_1_32' title='bbox 294 805 425 874; x_wconf 88' lang='lat' dir='ltr'>iudicari</span> <span class='ocrx_word' id='word_1_33' title='bbox 443 808 545 874; x_wconf 86' lang='lat' dir='ltr'>debet.</span> <span class='ocrx_word' id='word_1_34' title='bbox 563 807 592 873; x_wconf 89' lang='lat' dir='ltr'>S.</span> <span class='ocrx_word' id='word_1_35' title='bbox 611 806 830 873; x_wconf 79' lang='lat' dir='ltr'>tionumntura</span> <span class='ocrx_word' id='word_1_36' title='bbox 846 823 897 872; x_wconf 87' lang='lat' dir='ltr'>ex.</span> <span class='ocrx_word' id='word_1_37' title='bbox 911 824 970 890; x_wconf 77' lang='lat' dir='ltr'>gn,</span> 
     </span>
     <span class='ocr_line' id='line_1_7' title="bbox 168 912 969 1005; baseline -0.002 -26"><span class='ocrx_word' id='word_1_38' title='bbox 168 912 300 1005; x_wconf 82' lang='lat' dir='ltr'>Legend.</span> <span class='ocrx_word' id='word_1_39' title='bbox 317 916 433 999; x_wconf 75' lang='lat' dir='ltr'>caud.</span> <span class='ocrx_word' id='word_1_40' title='bbox 452 933 480 979; x_wconf 90' lang='lat' dir='ltr'>n.</span> <span class='ocrx_word' id='word_1_41' title='bbox 502 917 542 993; x_wconf 83' lang='grc'>5.,</span> <span class='ocrx_word' id='word_1_42' title='bbox 564 913 660 981; x_wconf 80' lang='lat' dir='ltr'>refert</span> <span class='ocrx_word' id='word_1_43' title='bbox 683 912 721 979; x_wconf 90' lang='lat' dir='ltr'>de</span> <span class='ocrx_word' id='word_1_44' title='bbox 742 914 770 978; x_wconf 92' lang='lat' dir='ltr'>S.</span> <span class='ocrx_word' id='word_1_45' title='bbox 789 912 969 979; x_wconf 81' lang='lat' dir='ltr'>Franciseo:</span> 
     </span>
     <span class='ocr_line' id='line_1_8' title="bbox 174 1019 969 1106; baseline -0.003 -19"><span class='ocrx_word' id='word_1_46' title='bbox 174 1021 272 1087; x_wconf 78' lang='lat' dir='ltr'>«Non</span> <span class='ocrx_word' id='word_1_47' title='bbox 297 1021 379 1088; x_wconf 92' lang='lat' dir='ltr'>enim</span> <span class='ocrx_word' id='word_1_48' title='bbox 405 1038 552 1089; x_wconf 90' lang='lat' dir='ltr'>securum</span> <span class='ocrx_word' id='word_1_49' title='bbox 586 1040 654 1086; x_wconf 78' lang='lat' dir='ltr'>erae</span> <span class='ocrx_word' id='word_1_50' title='bbox 682 1019 969 1106; x_wconf 69' lang='lat' dir='ltr'>praedaturum</span> 
     </span>
     <span class='ocr_line' id='line_1_9' title="bbox 168 1127 971 1213; baseline -0.002 -18"><span class='ocrx_word' id='word_1_51' title='bbox 168 1128 341 1195; x_wconf 80' lang='lat' dir='ltr'>formarum</span> <span class='ocrx_word' id='word_1_52' title='bbox 360 1129 516 1197; x_wconf 74' lang='lat' dir='ltr'>introrsus</span> <span class='ocrx_word' id='word_1_53' title='bbox 532 1129 662 1195; x_wconf 81' lang='lat' dir='ltr'>heririco</span> <span class='ocrx_word' id='word_1_54' title='bbox 680 1127 873 1213; x_wconf 75' lang='lat' dir='ltr'>imagines»,</span> <span class='ocrx_word' id='word_1_55' title='bbox 889 1143 971 1212; x_wconf 78' lang='lat' dir='ltr'>quiae</span> 
     </span>
     <span class='ocr_line' id='line_1_10' title="bbox 170 1233 970 1321; baseline -0.003 -20"><span class='ocrx_word' id='word_1_56' title='bbox 170 1235 266 1302; x_wconf 81' lang='lat' dir='ltr'>verba</span> <span class='ocrx_word' id='word_1_57' title='bbox 289 1255 307 1303; x_wconf 91' lang='lat' dir='ltr'>a</span> <span class='ocrx_word' id='word_1_58' title='bbox 332 1236 507 1321; x_wconf 83' lang='lat' dir='ltr'>Waddinge</span> <span class='ocrx_word' id='word_1_59' title='bbox 523 1236 567 1303; x_wconf 92' lang='lat' dir='ltr'>uti</span> <span class='ocrx_word' id='word_1_60' title='bbox 594 1235 690 1303; x_wconf 83' lang='lat' dir='ltr'>rerba</span> <span class='ocrx_word' id='word_1_61' title='bbox 714 1237 743 1300; x_wconf 87' lang='lat' dir='ltr'>S.</span> <span class='ocrx_word' id='word_1_62' title='bbox 770 1233 921 1301; x_wconf 82' lang='lat' dir='ltr'>Francisei</span> <span class='ocrx_word' id='word_1_63' title='bbox 940 1234 970 1300; x_wconf 95' lang='lat' dir='ltr'>in</span> 
     </span>
     <span class='ocr_line' id='line_1_11' title="bbox 167 1341 971 1411; baseline -0.002 -1"><span class='ocrx_word' id='word_1_64' title='bbox 167 1343 237 1410; x_wconf 88' lang='lat' dir='ltr'>cuii.</span> <span class='ocrx_word' id='word_1_65' title='bbox 264 1344 310 1411; x_wconf 82' lang='lat' dir='ltr'>vt.</span> <span class='ocrx_word' id='word_1_66' title='bbox 337 1344 394 1409; x_wconf 83' lang='lat' dir='ltr'>troc</span> <span class='ocrx_word' id='word_1_67' title='bbox 419 1343 510 1409; x_wconf 95' lang='lat' dir='ltr'>modo</span> <span class='ocrx_word' id='word_1_68' title='bbox 533 1343 668 1409; x_wconf 89' lang='lat' dir='ltr'>dantur:</span> <span class='ocrx_word' id='word_1_69' title='bbox 695 1365 711 1403; x_wconf 85' lang='lat' dir='ltr'>u</span> <span class='ocrx_word' id='word_1_70' title='bbox 730 1342 795 1408; x_wconf 87' lang='lat' dir='ltr'>Non</span> <span class='ocrx_word' id='word_1_71' title='bbox 818 1341 901 1409; x_wconf 87' lang='lat' dir='ltr'>enim</span> <span class='ocrx_word' id='word_1_72' title='bbox 926 1358 971 1408; x_wconf 90' lang='lat' dir='ltr'>se·</span> 
     </span>
     <span class='ocr_line' id='line_1_12' title="bbox 168 1448 970 1537; baseline -0.002 -21"><span class='ocrx_word' id='word_1_73' title='bbox 168 1469 281 1517; x_wconf 89' lang='lat' dir='ltr'>rurum</span> <span class='ocrx_word' id='word_1_74' title='bbox 298 1448 381 1537; x_wconf 84' lang='lat' dir='ltr'>pute</span> <span class='ocrx_word' id='word_1_75' title='bbox 395 1467 504 1518; x_wconf 87' lang='lat' dir='ltr'>earum</span> <span class='ocrx_word' id='word_1_76' title='bbox 522 1450 696 1517; x_wconf 82' lang='lat' dir='ltr'>torniacum</span> <span class='ocrx_word' id='word_1_77' title='bbox 718 1450 876 1517; x_wconf 84' lang='lat' dir='ltr'>introrsus</span> <span class='ocrx_word' id='word_1_78' title='bbox 892 1450 970 1516; x_wconf 85' lang='lat' dir='ltr'>irau-</span> 
     </span>
     <span class='ocr_line' id='line_1_13' title="bbox 169 1556 969 1643; baseline -0.004 -20"><span class='ocrx_word' id='word_1_79' title='bbox 169 1558 233 1625; x_wconf 88' lang='lat' dir='ltr'>rire</span> <span class='ocrx_word' id='word_1_80' title='bbox 258 1558 454 1643; x_wconf 79' lang='lat' dir='ltr'>imagines».</span> <span class='ocrx_word' id='word_1_81' title='bbox 481 1558 563 1623; x_wconf 92' lang='lat' dir='ltr'>idem</span> <span class='ocrx_word' id='word_1_82' title='bbox 591 1558 705 1625; x_wconf 78' lang='lat' dir='ltr'>Denter</span> <span class='ocrx_word' id='word_1_83' title='bbox 730 1556 915 1643; x_wconf 79' lang='lat' dir='ltr'>seraphicus</span> <span class='ocrx_word' id='word_1_84' title='bbox 939 1556 969 1621; x_wconf 88' lang='lat' dir='ltr'>in</span> 
     </span>
     <span class='ocr_line' id='line_1_14' title="bbox 169 1663 971 1753; baseline -0.002 -21"><span class='ocrx_word' id='word_1_85' title='bbox 169 1684 236 1753; x_wconf 87' lang='lat' dir='ltr'>cap.</span> <span class='ocrx_word' id='word_1_86' title='bbox 261 1667 293 1733; x_wconf 88' lang='lat'>8.</span> <span class='ocrx_word' id='word_1_87' title='bbox 326 1684 355 1732; x_wconf 88' lang='lat' dir='ltr'>n.</span> <span class='ocrx_word' id='word_1_88' title='bbox 392 1668 418 1732; x_wconf 91' lang='lat' dir='ltr'>t.</span> <span class='ocrx_word' id='word_1_89' title='bbox 452 1665 566 1733; x_wconf 82' lang='lat' dir='ltr'>refert:</span> <span class='ocrx_word' id='word_1_90' title='bbox 607 1664 730 1732; x_wconf 81' lang='lat' dir='ltr'>«istius</span> <span class='ocrx_word' id='word_1_91' title='bbox 761 1663 971 1745; x_wconf 79' lang='lat' dir='ltr'>miserationis</span> 
     </span>
     <span class='ocr_line' id='line_1_15' title="bbox 167 1772 969 1860; baseline -0.005 -20"><span class='ocrx_word' id='word_1_92' title='bbox 167 1773 306 1854; x_wconf 86' lang='lat' dir='ltr'>officium</span> <span class='ocrx_word' id='word_1_93' title='bbox 337 1774 417 1839; x_wconf 85' lang='lat' dir='ltr'>Patri</span> <span class='ocrx_word' id='word_1_94' title='bbox 443 1774 730 1841; x_wconf 85' lang='lat' dir='ltr'>misericordiarum</span> <span class='ocrx_word' id='word_1_95' title='bbox 759 1773 841 1838; x_wconf 94' lang='lat' dir='ltr'>omni</span> <span class='ocrx_word' id='word_1_96' title='bbox 875 1772 969 1860; x_wconf 86' lang='lat' dir='ltr'>sacri·</span> 
     </span>
     <span class='ocr_line' id='line_1_16' title="bbox 169 1879 969 1967; baseline -0.005 -20"><span class='ocrx_word' id='word_1_97' title='bbox 169 1879 240 1948; x_wconf 80' lang='lat' dir='ltr'>secio</span> <span class='ocrx_word' id='word_1_98' title='bbox 267 1879 427 1964; x_wconf 73' lang='lat' dir='ltr'>ficeretur</span> <span class='ocrx_word' id='word_1_99' title='bbox 458 1882 665 1967; x_wconf 81' lang='lat' dir='ltr'>acceptius»,</span> <span class='ocrx_word' id='word_1_100' title='bbox 697 1899 778 1966; x_wconf 81' lang='lat' dir='ltr'>quae</span> <span class='ocrx_word' id='word_1_101' title='bbox 809 1879 906 1946; x_wconf 87' lang='lat' dir='ltr'>rerba</span> <span class='ocrx_word' id='word_1_102' title='bbox 938 1879 969 1944; x_wconf 94' lang='lat' dir='ltr'>in</span> 
     </span>
    </p>
   </div>
   <div class='ocr_carea' id='block_1_3' title="bbox 68 1986 968 2074">
    <p class='ocr_par' dir='ltr' id='par_1_4' title="bbox 68 1986 968 2074">
     <span class='ocr_line' id='line_1_17' title="bbox 68 1986 968 2074; baseline -0.007 -17"><span class='ocrx_word' id='word_1_103' title='bbox 68 2027 70 2034; x_wconf 86' lang='lat'><em>·</em></span> <span class='ocrx_word' id='word_1_104' title='bbox 167 1987 331 2056; x_wconf 78' lang='lat' dir='ltr'>collatione</span> <span class='ocrx_word' id='word_1_105' title='bbox 363 1988 449 2054; x_wconf 83' lang='lat' dir='ltr'>xvu.</span> <span class='ocrx_word' id='word_1_106' title='bbox 480 1995 668 2074; x_wconf 82' lang='lat' dir='ltr'>repetuntur</span> <span class='ocrx_word' id='word_1_107' title='bbox 693 1989 752 2053; x_wconf 87' lang='lat' dir='ltr'>ita:</span> <span class='ocrx_word' id='word_1_108' title='bbox 791 1986 968 2052; x_wconf 83' lang='lat' dir='ltr'>«Officium</span> 
     </span>
    </p>
   </div>
   <div class='ocr_carea' id='block_1_4' title="bbox 80 2093 970 2933">
    <p class='ocr_par' dir='ltr' id='par_1_5' title="bbox 167 2093 968 2288">
     <span class='ocr_line' id='line_1_18' title="bbox 168 2093 968 2181; baseline -0.004 -20"><span class='ocrx_word' id='word_1_109' title='bbox 168 2096 407 2181; x_wconf 83' lang='lat' dir='ltr'>praedicationis</span> <span class='ocrx_word' id='word_1_110' title='bbox 443 2096 522 2162; x_wconf 82' lang='lat' dir='ltr'>Patri</span> <span class='ocrx_word' id='word_1_111' title='bbox 560 2095 849 2162; x_wconf 84' lang='lat' dir='ltr'>misericordiarum</span> <span class='ocrx_word' id='word_1_112' title='bbox 885 2093 968 2159; x_wconf 93' lang='lat' dir='ltr'>omni</span> 
     </span>
     <span class='ocr_line' id='line_1_19' title="bbox 167 2203 620 2288; baseline -0.004 -20"><span class='ocrx_word' id='word_1_113' title='bbox 167 2203 322 2270; x_wconf 79' lang='lat' dir='ltr'>sacrificio</span> <span class='ocrx_word' id='word_1_114' title='bbox 345 2213 390 2269; x_wconf 82' lang='lat' dir='ltr'>est</span> <span class='ocrx_word' id='word_1_115' title='bbox 414 2203 573 2288; x_wconf 84' lang='lat' dir='ltr'>acceptius</span> <span class='ocrx_word' id='word_1_116' title='bbox 590 2231 620 2266; x_wconf 66' lang='lat' dir='ltr'>n.</span> 
     </span>
    </p>

    <p class='ocr_par' dir='ltr' id='par_1_6' title="bbox 80 2307 970 2933">
     <span class='ocr_line' id='line_1_20' title="bbox 259 2307 968 2396; baseline -0.007 -20"><span class='ocrx_word' id='word_1_117' title='bbox 259 2311 310 2378; x_wconf 84' lang='lat' dir='ltr'>iiie</span> <span class='ocrx_word' id='word_1_118' title='bbox 326 2328 361 2377; x_wconf 92' lang='lat' dir='ltr'>ea</span> <span class='ocrx_word' id='word_1_119' title='bbox 379 2310 444 2376; x_wconf 90' lang='lat' dir='ltr'>seia</span> <span class='ocrx_word' id='word_1_120' title='bbox 470 2311 669 2396; x_wconf 81' lang='lat' dir='ltr'>praebemus,</span> <span class='ocrx_word' id='word_1_121' title='bbox 686 2328 767 2394; x_wconf 85' lang='lat' dir='ltr'>quae</span> <span class='ocrx_word' id='word_1_122' title='bbox 784 2309 906 2376; x_wconf 87' lang='lat' dir='ltr'>cedices</span> <span class='ocrx_word' id='word_1_123' title='bbox 923 2307 968 2375; x_wconf 91' lang='lat' dir='ltr'>uti</span> 
     </span>
     <span class='ocr_line' id='line_1_21' title="bbox 166 2417 968 2504; baseline -0.005 -20"><span class='ocrx_word' id='word_1_124' title='bbox 166 2418 296 2504; x_wconf 73' lang='lat' dir='ltr'>scripto</span> <span class='ocrx_word' id='word_1_125' title='bbox 321 2419 350 2484; x_wconf 87' lang='lat' dir='ltr'>S.</span> <span class='ocrx_word' id='word_1_126' title='bbox 368 2418 521 2486; x_wconf 84' lang='lat' dir='ltr'>Francisci</span> <span class='ocrx_word' id='word_1_127' title='bbox 543 2417 784 2497; x_wconf 75' lang='lat' dir='ltr'>exhibentem</span> <span class='ocrx_word' id='word_1_128' title='bbox 809 2421 968 2501; x_wconf 76' lang='lat' dir='ltr'>negantes</span> 
     </span>
     <span class='ocr_line' id='line_1_22' title="bbox 80 2522 970 2612; baseline -0.009 -19"><span class='ocrx_word' id='word_1_129' title='bbox 80 2529 88 2539; x_wconf 90' lang='lat'>&#39;</span> <span class='ocrx_word' id='word_1_130' title='bbox 167 2525 251 2612; x_wconf 86' lang='lat' dir='ltr'>quod</span> <span class='ocrx_word' id='word_1_131' title='bbox 269 2525 450 2592; x_wconf 88' lang='lat' dir='ltr'>cotiatienes</span> <span class='ocrx_word' id='word_1_132' title='bbox 468 2525 547 2604; x_wconf 86' lang='lat' dir='ltr'>iiiuc,</span> <span class='ocrx_word' id='word_1_133' title='bbox 564 2541 736 2604; x_wconf 74' lang='lat' dir='ltr'>sermones</span> <span class='ocrx_word' id='word_1_134' title='bbox 750 2522 970 2589; x_wconf 69' lang='lat' dir='ltr'>tructotesde</span> 
     </span>
     <span class='ocr_line' id='line_1_23' title="bbox 166 2629 968 2720; baseline -0.006 -21"><span class='ocrx_word' id='word_1_135' title='bbox 166 2653 249 2707; x_wconf 80' lang='lat' dir='ltr'>veru</span> <span class='ocrx_word' id='word_1_136' title='bbox 283 2642 312 2698; x_wconf 88' lang='lat' dir='ltr'>ct</span> <span class='ocrx_word' id='word_1_137' title='bbox 340 2630 489 2720; x_wconf 59' lang='lat' dir='ltr'>perfectu</span> <span class='ocrx_word' id='word_1_138' title='bbox 521 2632 649 2698; x_wconf 80' lang='lat' dir='ltr'>laetitia</span> <span class='ocrx_word' id='word_1_139' title='bbox 678 2631 830 2717; x_wconf 68' lang='lat' dir='ltr'>scutrum</span> <span class='ocrx_word' id='word_1_140' title='bbox 863 2629 968 2695; x_wconf 80' lang='lat' dir='ltr'>erino-</span> 
     </span>
     <span class='ocr_line' id='line_1_24' title="bbox 167 2738 968 2807; baseline -0.006 -1"><span class='ocrx_word' id='word_1_141' title='bbox 167 2759 245 2806; x_wconf 84' lang='lat' dir='ltr'>rum</span> <span class='ocrx_word' id='word_1_142' title='bbox 270 2758 306 2807; x_wconf 91' lang='lat' dir='ltr'>ao</span> <span class='ocrx_word' id='word_1_143' title='bbox 336 2740 397 2806; x_wconf 87' lang='lat' dir='ltr'>aiia</span> <span class='ocrx_word' id='word_1_144' title='bbox 429 2739 526 2806; x_wconf 84' lang='lat' dir='ltr'>inuito</span> <span class='ocrx_word' id='word_1_145' title='bbox 557 2739 732 2806; x_wconf 87' lang='lat' dir='ltr'>doctrinam</span> <span class='ocrx_word' id='word_1_146' title='bbox 763 2746 794 2804; x_wconf 90' lang='lat' dir='ltr'>et</span> <span class='ocrx_word' id='word_1_147' title='bbox 826 2738 912 2804; x_wconf 87' lang='lat' dir='ltr'>ideas</span> <span class='ocrx_word' id='word_1_148' title='bbox 939 2738 968 2801; x_wconf 89' lang='lat' dir='ltr'>S.</span> 
     </span>
     <span class='ocr_line' id='line_1_25' title="bbox 167 2847 497 2933; baseline -0.003 -21"><span class='ocrx_word' id='word_1_149' title='bbox 167 2847 320 2915; x_wconf 84' lang='lat' dir='ltr'>Fcericisci</span> <span class='ocrx_word' id='word_1_150' title='bbox 347 2847 497 2933; x_wconf 84' lang='lat' dir='ltr'>pandunt.</span> 
     </span>
    </p>
   </div>
   <div class='ocr_carea' id='block_1_5' title="bbox 0 0 1146 3425">
    <p class='ocr_par' dir='ltr' id='par_1_7' title="bbox 0 0 1146 3425">
     <span class='ocr_line' id='line_1_26' title="bbox 0 0 1146 3425; baseline 0 0"><span class='ocrx_word' id='word_1_151' title='bbox 0 0 1146 3425; x_wconf 95' lang='lat' dir='ltr'> </span> 
     </span>
    </p>
   </div>
  </div>
 </body>
</html>
