2284 3425
319 215 451 262 usurarum
471 215 614 262 rrssrours
634 215 745 261 omnm.
872 199 930 269 145

404 493 450 556 Ad
469 496 659 556 Matutimum.

213 675 288 735 Ant.
308 676 412 735 Sancta
433 677 533 735 Marta.
562 690 567 698 ·

463 864 614 923 Psotmns.

215 999 376 1059 confitebor
397 999 459 1067 tibi,
482 999 609 1067 Domine,
634 998 812 1058 sanctissime
840 998 937 1069 Pater,

133 1094 192 1157 nix
213 1098 281 1156 caeli
304 1097 333 1156 et
353 1098 462 1155 terrae:
484 1098 616 1171 quoniam
637 1098 801 1156 consolatus
821 1115 851 1155 es
872 1116 926 1158 me.

215 1197 257 1261 Tu
272 1214 302 1255 es
317 1197 393 1255 Deus
407 1195 538 1255 Salvator
554 1213 646 1254 meus:
663 1196 834 1254 fiducialiter
852 1214 937 1271 agam

132 1295 162 1355 et
184 1311 240 1354 non
263 1295 376 1354 ilmebo.

214 1394 365 1454 Fortitudo
386 1411 448 1452 mea
469 1393 498 1452 et
518 1393 583 1451 laus
601 1410 663 1451 mea
677 1393 831 1452 Dominus:
846 1395 876 1451 et
896 1385 939 1452 fa·

131 1495 198 1553 otus
220 1493 264 1551 est
286 1493 353 1550 mihi
375 1493 403 1550 in
426 1491 557 1550 salutem.

216 1591 339 1650 Dextera
360 1591 420 1659 tua,
436 1590 562 1658 Domine,
580 1589 762 1664 magnificata
776 1591 821 1648 est
838 1592 866 1648 lu
883 1590 941 1649 for·

132 1691 272 1760 titudirre;
285 1690 401 1749 dautma
413 1689 472 1758 tua,
487 1689 613 1757 Domine,
625 1690 767 1763 percussit
781 1691 939 1749 inimicum:

132 1791 163 1849 et
184 1792 214 1848 in
236 1789 418 1847 multitudino
439 1788 547 1861 gloriae
569 1789 635 1846 tuae
662 1789 818 1862 deposuisti
839 1790 940 1847 adrer-

18 1936 19 1939 ,
133 1890 227 1948 sarius
248 1904 334 1947 meos.

217 1986 340 2045 Videant
378 2002 518 2058 pauperes
555 1985 584 2043 et
619 1984 779 2056 laetentur3
813 1987 941 2059 quaerito

133 2087 236 2153 Deum,
258 2085 287 2142 et
307 2082 387 2141 vivet
408 2084 502 2141 anima
523 2083 630 2141 vestra.

217 2183 348 2242 Laudent
368 2182 449 2239 illum
470 2182 539 2240 caeli
561 2182 591 2239 et
604 2182 698 2244 terra:
714 2199 791 2241 mare
805 2182 834 2241 et
848 2186 942 2242 omnia

132 2283 252 2357 reptilia
274 2284 302 2339 in
325 2282 375 2338 eis.

218 2380 355 2449 Quoniam
378 2379 454 2437 Deus
475 2379 584 2437 saluam
607 2378 690 2437 laoiet
705 2380 785 2439 Sion:
802 2380 831 2438 et
849 2380 942 2439 aedili-

132 2479 279 2539 oabuntur
299 2477 431 2536 civitates
452 2476 549 2534 Iudae.

218 2577 256 2634 Et
284 2576 487 2635 inhabitabunt
514 2576 575 2634 ibi:
604 2577 634 2633 at
660 2576 818 2635 hereditate
846 2579 943 2649 acqui-

134 2677 203 2736 rant
224 2692 296 2733 eam.

219 2774 258 2831 Et
279 2790 373 2831 semen
395 2787 539 2831 serrorum
562 2772 623 2829 eius
645 2773 799 2845 possidebit
817 2792 892 2833 eam:
914 2778 944 2834 et

135 2876 185 2947 qui
208 2872 333 2945 diligunt
354 2887 454 2930 noman
476 2872 536 2928 eius
557 2870 729 2929 habitabunt
750 2874 778 2930 in
800 2890 841 2931 ea.

866 2997 881 3043 6
