2284 3425
210 209 249 266 98
523 227 658 270 nnsronr
681 227 701 266 1.

95 471 100 488 ,
210 415 372 474 hnmilitate
386 416 420 474 et
428 416 549 474 caritate
563 416 689 474 debeatis
703 419 826 489 recipere
843 417 874 474 ct
893 417 1014 490 benigne

80 499 88 511 ’
210 516 322 588 operari
336 517 366 572 et
379 515 530 574 observare
552 515 673 588 perfecte
685 514 740 590 (a).
756 516 795 574 lit
814 517 862 589 qui
884 516 1011 574 nesciunt

210 615 303 686 legere
317 630 401 687 saepe
414 615 469 687 legi
484 614 592 673 iaciant
605 615 635 672 et
647 614 723 686 apnd
738 632 768 672 se
786 614 929 672 retineant
948 631 1008 672 cnn

210 712 310 770 sancta
327 712 491 785 operatione
511 730 600 786 nsque
615 713 752 781 infinem,
767 715 833 787 qnia
846 714 972 785 spiritus
985 715 1010 770 et

210 813 272 868 cita
290 813 362 870 cunt
374 810 428 887 (1).
442 785 485 868 Et
494 813 541 885 qni
552 811 609 890 ‘hcc
622 829 678 870 non
700 812 817 870 iecerint
837 811 955 870 reddent
969 829 1010 869 ra·

210 909 315 966 tionem
327 910 355 966 in
366 909 411 967 dic
421 909 514 967 indicii
525 911 593 968 ante
604 910 730 968 tribunal
741 909 857 968 Christi.
865 909 904 966 Et
915 925 1011 968 omnes

210 1008 253 1064 ilii
273 1007 303 1064 et
323 1008 398 1075 iliae,
410 1009 457 1080 qni
472 1025 505 1066 ea
519 1009 639 1082 benigne
657 1009 793 1081 recipient
806 1009 836 1066 et
850 1006 1010 1080 intelligent
1138 1087 1139 1090 Ἴ

210 1106 240 1163 et
260 1107 376 1163 mittent
395 1106 460 1164 aliis
481 1108 510 1164 in
531 1108 699 1180 exemptum,
716 1109 739 1164 si
753 1109 782 1164 in
797 1108 837 1166 eis
847 1123 1016 1180 persevera·¹

210 1206 303 1262 verint
314 1206 355 1279 (b)
376 1223 468 1278 usqae
488 1206 521 1263 in
539 1205 627 1276 finem
639 1206 694 1281 (2),
710 1206 856 1264 benedicat
869 1208 910 1265 eis
925 1205 1010 1264 Pater
1138 1199 1139 1210 ¹

210 1304 239 1360 et
260 1304 350 1361 Filius
370 1304 399 1362 et
420 1305 545 1377 Spiritus
566 1306 692 1364 sanctus.
714 1307 815 1364 Amen.
862 1311 864 1313 ’

210 1419 370 1475 ᾑ--ὔ-
1138 1469 1139 1508 ἢ

275 1517 297 1575 1)
315 1517 379 1562 roan.
397 1517 421 1574 c,
438 1517 478 1564 cr.
511 1509 515 1515 '
762 1518 787 1574 e)
806 1518 894 1564 neten.
915 1517 1034 1576 10,22.-
