2284 3425
155 243 184 283 vl
464 240 630 281 putubasto.

159 458 175 490 «
192 440 223 498 et
250 430 335 517 quod
366 430 470 497 animo
501 430 597 497 semel
629 428 783 496 iniecerat·
808 428 958 495 tenaciter

108 534 109 537 ’
155 538 356 625 imprimebat
402 537 582 616 memoriae,
612 537 699 623 ‘qnia
738 554 798 602 non
836 536 959 603 frustra

155 646 300 713 mentalis
322 644 501 712 attentionis
525 644 717 730 percipiebat
739 643 850 710 auditu
873 642 958 729 priori
1064 711 1067 715 ,
1126 659 1129 674 ·

155 754 322 821 continuae
356 752 529 819 devotionis
566 752 745 819 ruminabat
777 751 891 817 allecto
917 773 957 827 »3

163 890 175 917 ι
199 867 345 927 aeternae
369 860 448 926 lucis
471 859 643 926 irradiatus
673 858 850 943 fulgoribus
881 857 959 923 Scri·

155 975 323 1054 plorarum
349 966 504 1052 profunda
527 966 609 1033 miro
634 966 810 1033 intellectus
837 972 958 1032 scruta·

156 1076 250 1143 batur
272 1074 417 1141 acumine
433 1074 479 1160 (l)
503 1103 533 1139 ».
950 1081 954 1091 ·

245 1182 408 1267 Quaelibet
433 1182 545 1268 pagina
569 1181 760 1266 scriptorum
785 1183 813 1247 S.
836 1179 957 1247 Franci·

155 1286 197 1357 sci
222 1288 387 1355 confirmat
419 1290 495 1356 baec
525 1289 559 1354 [l.
585 1283 822 1355 bonaventurae
853 1288 958 1354 verba.

156 1396 208 1463 llle
232 1396 397 1463 continuae
420 1396 594 1463 devotionis
627 1395 768 1473 allectos,
800 1395 879 1461 mira
908 1394 959 1460 illa

78 1564 82 1571 .
122 1503 385 1590 seripturarum
426 1503 629 1589 intelligentia
668 1503 788 1570 relucet
831 1502 970 1588 ubique,

155 1609 266 1677 Omnia
298 1629 393 1697 porro
424 1609 616 1695 singularem
649 1610 718 1677 eius
750 1610 957 1676 reverentiam
1022 1647 1027 1658 ·

154 1736 229 1804 erga
259 1719 491 1786 sanctissimum
523 1724 766 1797 sacramentnm,
797 1717 957 1785 assiduum
1056 1715 1058 1719 ’

155 1824 223 1892 eius
239 1826 341 1892 zeltum
354 1826 542 1904 animarum,
555 1814 714 1892 sincerum
726 1842 868 1901 amorem
887 1843 960 1910 pau-

157 1934 286 2018 pertatis
310 1933 455 2019 produnt.
473 1934 648 2018 Scriptores
668 1940 700 2000 et
716 1940 825 2019 poetae
842 1931 872 1997 in
893 1932 959 1998 suis

157 2040 293 2126 legendis
311 2048 342 2108 et
365 2040 560 2108 carminibus
577 2041 669 2108 basce
685 2041 782 2107 sancti
805 2039 957 2106 Franclsci

157 2149 289 2215 virtutes
305 2167 366 2214 non
385 2148 429 2242 ita¹
444 2149 533 2233 plene
549 2157 580 2215 et
598 2149 729 2233 pulcbre
747 2147 958 2226 celebrarunt,

155 2273 249 2342 quam
275 2255 395 2340 ipsein
421 2255 486 2322 suis
511 2255 636 2340 scriptis
658 2272 711 2321 eas
733 2254 886 2339 depinxit.

245 2364 348 2445 erare
372 2361 410 2429 ad
429 2362 580 2429 bonorem
598 2361 753 2448 seraphici
771 2348 959 2448 palris'scri·

158 2476 209 2555 pta
225 2487 282 2536 sna
300 2469 389 2536 novis
405 2463 491 2536 curis
506 2468 626 2536 edenda
641 2469 850 2555 suscepimus.
868 2468 959 2534 Prae·

157 2577 299 2642 misimus
321 2576 474 2663 urtoedam
499 2576 537 2643 cle
558 2574 697 2662 antiquis
714 2575 852 2662 ipsorum
869 2574 958 2641 colle·

156 2683 312 2750 ctionibus
336 2691 366 2750 et
389 2684 587 2752 editionibus.

222 2909 243 2968 l)
263 2908 286 2955 S.
305 2871 412 2966 ¹Bonoro,
430 2907 538 2966 Legenda
555 2907 684 2967 SrFrane.
702 2920 723 2954 c.
743 2906 780 2952 ll.
798 2877 863 2952 ml.
