2284 3425
222 210 281 266 204
363 227 398 266 ns
419 227 576 283 uousuums
596 227 747 268 ouuscuurs
767 228 885 272 seusus.

219 414 306 484 finem
337 417 441 472 merlis
470 417 518 474 sni
547 418 689 488 corporis.
716 417 857 488 Formam,
883 434 941 489 qua
966 416 1023 474 hoc

220 514 387 585 opusculum
420 515 447 571 in
476 496 550 572 dicto
581 516 673 573 codiee
703 517 857 584 invenitur,
891 517 1021 588 spuriam

220 613 276 669 iam
290 614 425 670 evincunt
439 614 483 671 tot
493 615 655 672 sauctorum
668 616 781 687 patrum
797 615 918 688 (Basilii,
932 615 1021 688 Chry-

220 712 346 778 sostomi‚
368 712 532 784 Augustini,
560 711 672 778 Isidori,
700 712 838 784 Gregorii,
866 710 1018 784 Bernardi)

221 809 316 866 tentus
337 809 419 866 allati
436 809 491 886 (1).
963 865 967 870 .

300 907 328 963 3.
343 908 498 966 Secundum
524 907 697 981 Ocinioonm
710 908 839 966 codicum
855 909 1019 967 latinorum

221 1005 408 1063 bibliothecae
421 1008 519 1079 reqiae
532 1007 722 1065 Monacensis
732 1008 777 1080 (2)
791 1009 820 1064 iu
834 1007 894 1065 cod.
909 1006 1018 1064 11354.

221 1105 305 1180 (saec.
327 1105 400 1178 XV.)
422 1105 506 1162 huius
527 1106 712 1165 bibliothecae
731 1107 873 1164 habentur
886 1108 1018 1164 Franci·

218 1204 262 1260 sci
281 1203 451 1262 collationes
473 1221 538 1261 cnm
558 1203 711 1274 fralriiue.
738 1205 827 1263 Errat
853 1205 1016 1278 catalogum

220 1302 486 1376 sunt-colloiiones
509 1305 607 1360 sancii
629 1302 736 1372 fratris
763 1303 892 1376 decidii.
911 1302 1019 1374 Incipit

220 1400 371 1474 prologus:
396 1401 472 1475 Quin
493 1417 588 1458 sermo
616 1401 741 1458 Domini
766 1405 808 1459 esi
824 1397 931 1470 -or'oue;
953 1402 1018 1458 inci·

219 1499 303 1571 piunt
323 1500 502 1557 collationes:
526 1499 571 1556 De
591 1501 652 1556 oiia
679 1502 784 1558 recliva.
814 1496 887 1559 Cum
914 1499 1017 1557 nouus

218 1599 266 1668 sit,
288 1598 339 1669 qui
359 1596 399 1653 ad
418 1599 670 1670 contenplatioam
690 1600 782 1655 eiiam
800 1597 952 1656 oscendere
970 1615 1017 1654 oe·

219 1695 343 1769 icci.(3).
365 1695 505 1769 Prologus
519 1697 566 1754 ille
584 1695 661 1771 Quia
674 1713 769 1755 sermo
786 1696 907 1754 Domini
920 1696 1014 1755 cadem

282 1928 304 1984 1)
320 1926 450 1983 steiana,
462 1926 654 1985 Supplementum
665 1927 695 1972 ud
705 1926 833 1984 scriptores
843 1927 932 1973 ordinis
942 1926 1016 1973 miuo-

218 2022 278 2063 rum,
296 2022 350 2066 pag.
369 2008 423 2053 nli.
442 2007 549 2053 nominat
565 2008 638 2053 ulium
654 2006 754 2054 codicem
775 2007 845 2053 huius
861 2006 1015 2061 bibliothecae

219 2090 257 2144 (B.
278 2089 352 2146 131.)‚
371 2087 394 2133 in
412 2102 457 2144 quo
477 2088 598 2134 «Dictus.
612 2088 734 2134 Francisci
744 2103 794 2135 eum
804 2090 887 2147 regule
897 2091 1014 2146 exient»,

218 2182 282 2225 quom
300 2169 400 2216 codicem
417 2182 463 2215 non
480 2168 631 2215 contulimus.
649 2195 680 2203 -
696 2170 722 2215 L.
734 2183 756 2215 c.
769 2169 883 2215 Sbnrnlea
894 2171 1015 2215 enumeret

218 2250 321 2295 librum
338 2250 460 2295 diciorum
477 2250 504 2295 B.
517 2249 648 2305 Francisei‚
667 2249 732 2295 cuius
749 2249 841 2296 initium
861 2250 926 2305 onia
938 2250 1014 2307 faciei

218 2326 288 2375 luomo
304 2331 330 2373 in
347 2328 415 2375 omni
431 2331 567 2377 tentatione
583 2332 608 2375 et
624 2330 677 2376 finis
691 2330 778 2376 Oratio
788 2323 1012 2389 semper'ertpiue·

218 2411 338 2455 mittendo
351 2415 460 2470 propter
476 2410 592 2467 insidior,
609 2411 704 2468 eiusque
720 2411 765 2457 duo
780 2410 841 2457 citat
861 2409 1013 2471 exemplaria,

218 2504 277 2548 queo
297 2490 352 2537 olim
373 2490 459 2538 Assisii
480 2494 504 2537 et
525 2490 650 2538 Ferentino
670 2494 809 2547 eremorum
832 2491 893 2539 nihil
914 2494 942 2541 do
963 2492 1014 2553 ipso

141 2572 146 2581 “
190 2592 193 2603 ·
217 2570 281 2617 uliud
298 2570 437 2618 invenimus.

279 2652 303 2708 2)
322 2652 349 2696 u.
366 2649 396 2696 n.
414 2668 438 2709 p.
455 2652 484 2697 n.
504 2652 633 2709 (nonnihit
652 2654 720 2711 isne)
737 2668 792 2712 pag.
811 2654 848 2699 ιτ.
865 2666 929 2699 num.
946 2651 1002 2698 214.

279 2734 302 2788 3)
322 2731 376 2778 Cod.
393 2733 464 2778 5998.
484 2732 524 2779 fol.
546 2733 598 2779 189.
617 2735 740 2780 seeundum
762 2735 857 2781 eundern
874 2732 1013 2790 catalogum

217 2814 289 2859 habet
320 2812 395 2858 Verba
421 2808 449 2861 S.
477 2815 608 2859 Francieci
631 2816 659 2858 de
676 2820 843 2874 pauperiem
864 2818 921 2860 suut
942 2815 1013 2861 verbu

218 2894 284 2939 Haec
301 2899 337 2940 eei
353 2890 398 2939 iiio
419 2895 535 2941 celsitudo
555 2909 585 2941 en
606 2909 657 2953 cup.
682 2896 720 2941 Ἡ.
742 2897 837 2953 regulae
858 2896 888 2941 ll.
911 2895 1013 2942 fratrum
