<?xml version="1.0" encoding="UTF-8"?>
<!DOCTYPE html PUBLIC "-//W3C//DTD XHTML 1.0 Transitional//EN"
    "http://www.w3.org/TR/xhtml1/DTD/xhtml1-transitional.dtd">
<html xmlns="http://www.w3.org/1999/xhtml" xml:lang="en" lang="en">
 <head>
  <title>
</title>
<meta http-equiv="Content-Type" content="text/html;charset=utf-8" />
  <meta name='ocr-system' content='tesseract 3.04.00' />
  <meta name='ocr-capabilities' content='ocr_page ocr_carea ocr_par ocr_line ocrx_word'/>
</head>
<body>
  <div class='ocr_page' id='page_1' title='image "bibliothecafran01romgoog_0061.png"; bbox 0 0 2284 3425; ppageno 0'>
   <div class='ocr_carea' id='block_1_1' title="bbox 38 4 308 147">
    <p class='ocr_par' dir='ltr' id='par_1_1' title="bbox 38 4 308 147">
     <span class='ocr_line' id='line_1_1' title="bbox 38 4 308 147; baseline 0 -3"><span class='ocrx_word' id='word_1_1' title='bbox 38 4 308 147; x_wconf 61' lang='lat' dir='ltr'>F</span> 
     </span>
    </p>
   </div>
   <div class='ocr_carea' id='block_1_2' title="bbox 297 483 753 548">
    <p class='ocr_par' dir='ltr' id='par_1_2' title="bbox 297 483 753 548">
     <span class='ocr_line' id='line_1_2' title="bbox 297 483 753 548; baseline -0.004 -3"><span class='ocrx_word' id='word_1_2' title='bbox 297 487 330 548; x_wconf 91' lang='lat' dir='ltr'>X.</span> <span class='ocrx_word' id='word_1_3' title='bbox 354 520 389 529; x_wconf 89' lang='lat'><em>-</em></span> <span class='ocrx_word' id='word_1_4' title='bbox 412 483 453 545; x_wconf 85' lang='lat' dir='ltr'>Dc</span> <span class='ocrx_word' id='word_1_5' title='bbox 474 484 590 545; x_wconf 77' lang='lat' dir='ltr'>infirmis</span> <span class='ocrx_word' id='word_1_6' title='bbox 611 484 753 545; x_wconf 81' lang='lat' dir='ltr'>frutribus.</span> 
     </span>
    </p>
   </div>
   <div class='ocr_carea' id='block_1_3' title="bbox 70 668 1042 2524">
    <p class='ocr_par' dir='ltr' id='par_1_3' title="bbox 120 668 987 1833">
     <span class='ocr_line' id='line_1_3' title="bbox 205 668 927 748; baseline -0.001 -16"><span class='ocrx_word' id='word_1_7' title='bbox 205 676 234 732; x_wconf 86' lang='lat' dir='ltr'>Si</span> <span class='ocrx_word' id='word_1_8' title='bbox 256 668 319 748; x_wconf 73' lang='lat' dir='ltr'>‘quis</span> <span class='ocrx_word' id='word_1_9' title='bbox 340 675 461 733; x_wconf 76' lang='lat' dir='ltr'>sint-runi</span> <span class='ocrx_word' id='word_1_10' title='bbox 477 676 505 733; x_wconf 90' lang='lat' dir='ltr'>in</span> <span class='ocrx_word' id='word_1_11' title='bbox 520 674 715 745; x_wconf 77' lang='lat' dir='ltr'>infirmitatem</span> <span class='ocrx_word' id='word_1_12' title='bbox 729 674 773 746; x_wconf 77' lang='lat' dir='ltr'>(a)</span> <span class='ocrx_word' id='word_1_13' title='bbox 788 675 927 742; x_wconf 81' lang='lat' dir='ltr'>ceciderit,</span> 
     </span>
     <span class='ocr_line' id='line_1_4' title="bbox 121 760 926 846; baseline 0 -15"><span class='ocrx_word' id='word_1_14' title='bbox 121 772 293 846; x_wconf 85' lang='lat' dir='ltr'>ubicumque</span> <span class='ocrx_word' id='word_1_15' title='bbox 314 774 408 842; x_wconf 85' lang='lat' dir='ltr'>fuerit,</span> <span class='ocrx_word' id='word_1_16' title='bbox 423 774 471 831; x_wconf 86' lang='lat' dir='ltr'>aiii</span> <span class='ocrx_word' id='word_1_17' title='bbox 488 774 593 831; x_wconf 84' lang='lat' dir='ltr'>iratres</span> <span class='ocrx_word' id='word_1_18' title='bbox 607 760 662 833; x_wconf 85' lang='lat' dir='ltr'>non</span> <span class='ocrx_word' id='word_1_19' title='bbox 684 773 833 831; x_wconf 74' lang='lat' dir='ltr'><strong>dimittant</strong></span> <span class='ocrx_word' id='word_1_20' title='bbox 853 790 926 841; x_wconf 82' lang='lat' dir='ltr'>euru,</span> 
     </span>
     <span class='ocr_line' id='line_1_5' title="bbox 120 871 987 944; baseline 0 -15"><span class='ocrx_word' id='word_1_21' title='bbox 120 873 180 930; x_wconf 91' lang='lat' dir='ltr'>nisi</span> <span class='ocrx_word' id='word_1_22' title='bbox 195 872 387 931; x_wconf 68' lang='lat' dir='ltr'>constituatur</span> <span class='ocrx_word' id='word_1_23' title='bbox 409 889 483 931; x_wconf 89' lang='lat' dir='ltr'>unus</span> <span class='ocrx_word' id='word_1_24' title='bbox 503 872 537 930; x_wconf 86' lang='lat' dir='ltr'>do</span> <span class='ocrx_word' id='word_1_25' title='bbox 559 871 697 930; x_wconf 82' lang='lat' dir='ltr'>iratribus</span> <span class='ocrx_word' id='word_1_26' title='bbox 715 873 759 929; x_wconf 83' lang='lat' dir='ltr'>vel</span> <span class='ocrx_word' id='word_1_27' title='bbox 781 873 887 944; x_wconf 86' lang='lat' dir='ltr'>plures,</span> <span class='ocrx_word' id='word_1_28' title='bbox 902 874 926 929; x_wconf 90' lang='lat' dir='ltr'>si</span> <span class='ocrx_word' id='word_1_29' title='bbox 984 873 987 881; x_wconf 84' lang='lat'>&#39;</span> 
     </span>
     <span class='ocr_line' id='line_1_6' title="bbox 121 970 926 1045; baseline -0.002 -16"><span class='ocrx_word' id='word_1_30' title='bbox 121 988 238 1029; x_wconf 83' lang='lat' dir='ltr'>necesse</span> <span class='ocrx_word' id='word_1_31' title='bbox 260 970 355 1039; x_wconf 81' lang='lat' dir='ltr'>inerit,</span> <span class='ocrx_word' id='word_1_32' title='bbox 376 972 422 1045; x_wconf 88' lang='lat' dir='ltr'>qui</span> <span class='ocrx_word' id='word_1_33' title='bbox 446 971 573 1029; x_wconf 84' lang='lat' dir='ltr'>serviant</span> <span class='ocrx_word' id='word_1_34' title='bbox 594 972 629 1043; x_wconf 88' lang='lat' dir='ltr'>oi,</span> <span class='ocrx_word' id='word_1_35' title='bbox 652 972 725 1027; x_wconf 85' lang='lat' dir='ltr'>riout</span> <span class='ocrx_word' id='word_1_36' title='bbox 746 971 853 1029; x_wconf 80' lang='lat' dir='ltr'>nollent</span> <span class='ocrx_word' id='word_1_37' title='bbox 873 970 926 1028; x_wconf 85' lang='lat' dir='ltr'>sibi</span> 
     </span>
     <span class='ocr_line' id='line_1_7' title="bbox 122 1069 926 1142; baseline 0 -15"><span class='ocrx_word' id='word_1_38' title='bbox 122 1070 242 1139; x_wconf 87' lang='lat' dir='ltr'>sor·viri;</span> <span class='ocrx_word' id='word_1_39' title='bbox 264 1070 312 1127; x_wconf 87' lang='lat' dir='ltr'>sed</span> <span class='ocrx_word' id='word_1_40' title='bbox 326 1072 354 1127; x_wconf 91' lang='lat' dir='ltr'>in</span> <span class='ocrx_word' id='word_1_41' title='bbox 372 1071 493 1127; x_wconf 80' lang='lat' dir='ltr'>maxima</span> <span class='ocrx_word' id='word_1_42' title='bbox 514 1069 683 1137; x_wconf 74' lang='lat' dir='ltr'>necessitato</span> <span class='ocrx_word' id='word_1_43' title='bbox 698 1070 819 1142; x_wconf 81' lang='lat' dir='ltr'>possunt</span> <span class='ocrx_word' id='word_1_44' title='bbox 833 1072 926 1142; x_wconf 84' lang='lat' dir='ltr'>ipsum</span> 
     </span>
     <span class='ocr_line' id='line_1_8' title="bbox 121 1168 927 1245; baseline 0 -20"><span class='ocrx_word' id='word_1_45' title='bbox 121 1168 268 1226; x_wconf 76' lang='lat' dir='ltr'>dimittere</span> <span class='ocrx_word' id='word_1_46' title='bbox 288 1169 372 1245; x_wconf 80' lang='lat' dir='ltr'>alicui</span> <span class='ocrx_word' id='word_1_47' title='bbox 395 1184 627 1242; x_wconf 62' lang='lat' dir='ltr'>personaeque</span> <span class='ocrx_word' id='word_1_48' title='bbox 648 1168 748 1239; x_wconf 71' lang='lat' dir='ltr'>debent</span> <span class='ocrx_word' id='word_1_49' title='bbox 764 1186 830 1244; x_wconf 80' lang='lat' dir='ltr'>snae</span> <span class='ocrx_word' id='word_1_50' title='bbox 845 1169 927 1226; x_wconf 85' lang='lat' dir='ltr'>satis·</span> 
     </span>
     <span class='ocr_line' id='line_1_9' title="bbox 122 1251 927 1340; baseline -0.002 -15"><span class='ocrx_word' id='word_1_51' title='bbox 122 1266 216 1325; x_wconf 80' lang='lat' dir='ltr'>facore</span> <span class='ocrx_word' id='word_1_52' title='bbox 237 1251 409 1339; x_wconf 70' lang='lat' dir='ltr'>infirmitati.</span> <span class='ocrx_word' id='word_1_53' title='bbox 430 1267 469 1325; x_wconf 82' lang='lat' dir='ltr'>Et</span> <span class='ocrx_word' id='word_1_54' title='bbox 490 1283 558 1340; x_wconf 85' lang='lat' dir='ltr'>rogo</span> <span class='ocrx_word' id='word_1_55' title='bbox 580 1267 697 1325; x_wconf 83' lang='lat' dir='ltr'>fratrem</span> <span class='ocrx_word' id='word_1_56' title='bbox 720 1266 872 1336; x_wconf 83' lang='lat' dir='ltr'>infirmum,</span> <span class='ocrx_word' id='word_1_57' title='bbox 893 1268 927 1324; x_wconf 90' lang='lat' dir='ltr'>ut</span> 
     </span>
     <span class='ocr_line' id='line_1_10' title="bbox 123 1358 926 1439; baseline -0.001 -16"><span class='ocrx_word' id='word_1_58' title='bbox 123 1366 232 1424; x_wconf 82' lang='lat' dir='ltr'>referat</span> <span class='ocrx_word' id='word_1_59' title='bbox 253 1366 286 1424; x_wconf 87' lang='lat' dir='ltr'>do</span> <span class='ocrx_word' id='word_1_60' title='bbox 307 1366 437 1425; x_wconf 84' lang='lat' dir='ltr'>omnibus</span> <span class='ocrx_word' id='word_1_61' title='bbox 458 1358 569 1439; x_wconf 76' lang='lat' dir='ltr'>gra&#39;tias</span> <span class='ocrx_word' id='word_1_62' title='bbox 589 1365 733 1435; x_wconf 80' lang='lat' dir='ltr'>Creatori3</span> <span class='ocrx_word' id='word_1_63' title='bbox 760 1366 789 1424; x_wconf 90' lang='lat' dir='ltr'>et</span> <span class='ocrx_word' id='word_1_64' title='bbox 814 1366 926 1439; x_wconf 85' lang='lat' dir='ltr'>quaicnr</span> 
     </span>
     <span class='ocr_line' id='line_1_11' title="bbox 123 1464 926 1532; baseline 0 -11"><span class='ocrx_word' id='word_1_65' title='bbox 123 1464 271 1523; x_wconf 83' lang='lat' dir='ltr'>vulteum</span> <span class='ocrx_word' id='word_1_66' title='bbox 295 1465 441 1532; x_wconf 85' lang='lat' dir='ltr'>Dominus,</span> <span class='ocrx_word' id='word_1_67' title='bbox 466 1465 552 1523; x_wconf 83' lang='lat' dir='ltr'>talem</span> <span class='ocrx_word' id='word_1_68' title='bbox 574 1482 603 1522; x_wconf 87' lang='lat' dir='ltr'>se</span> <span class='ocrx_word' id='word_1_69' title='bbox 625 1481 686 1521; x_wconf 83' lang='lat' dir='ltr'>osso</span> <span class='ocrx_word' id='word_1_70' title='bbox 707 1464 847 1523; x_wconf 83' lang='lat' dir='ltr'>desideret</span> <span class='ocrx_word' id='word_1_71' title='bbox 868 1466 926 1522; x_wconf 82' lang='lat' dir='ltr'>sivo</span> 
     </span>
     <span class='ocr_line' id='line_1_12' title="bbox 122 1562 927 1635; baseline 0.001 -15"><span class='ocrx_word' id='word_1_72' title='bbox 122 1580 225 1621; x_wconf 82' lang='lat' dir='ltr'>sanum</span> <span class='ocrx_word' id='word_1_73' title='bbox 248 1564 306 1620; x_wconf 84' lang='lat' dir='ltr'>siro</span> <span class='ocrx_word' id='word_1_74' title='bbox 326 1562 480 1632; x_wconf 89' lang='lat' dir='ltr'>infirmum,</span> <span class='ocrx_word' id='word_1_75' title='bbox 501 1564 567 1635; x_wconf 84' lang='lat' dir='ltr'>quia</span> <span class='ocrx_word' id='word_1_76' title='bbox 591 1579 695 1630; x_wconf 89' lang='lat' dir='ltr'>omnes,</span> <span class='ocrx_word' id='word_1_77' title='bbox 711 1580 782 1635; x_wconf 85' lang='lat' dir='ltr'>quos</span> <span class='ocrx_word' id='word_1_78' title='bbox 797 1563 873 1621; x_wconf 87' lang='lat' dir='ltr'>Deus</span> <span class='ocrx_word' id='word_1_79' title='bbox 887 1564 927 1621; x_wconf 88' lang='lat' dir='ltr'>ad</span> 
     </span>
     <span class='ocr_line' id='line_1_13' title="bbox 121 1661 926 1739; baseline 0 -19"><span class='ocrx_word' id='word_1_80' title='bbox 121 1664 216 1721; x_wconf 85' lang='lat' dir='ltr'>uitam</span> <span class='ocrx_word' id='word_1_81' title='bbox 239 1662 466 1735; x_wconf 77' lang='lat' dir='ltr'>praeordinavit</span> <span class='ocrx_word' id='word_1_82' title='bbox 493 1665 646 1721; x_wconf 79' lang='lat' dir='ltr'>ueternum</span> <span class='ocrx_word' id='word_1_83' title='bbox 663 1661 717 1739; x_wconf 82' lang='lat'>(1),</span> <span class='ocrx_word' id='word_1_84' title='bbox 742 1662 926 1734; x_wconf 72' lang='lat' dir='ltr'>flagellorum</span> 
     </span>
     <span class='ocr_line' id='line_1_14' title="bbox 122 1760 926 1833; baseline 0 -15"><span class='ocrx_word' id='word_1_85' title='bbox 122 1762 210 1833; x_wconf 80' lang='lat' dir='ltr'>atquo</span> <span class='ocrx_word' id='word_1_86' title='bbox 231 1761 430 1818; x_wconf 85' lang='lat' dir='ltr'>infirmitatum</span> <span class='ocrx_word' id='word_1_87' title='bbox 446 1760 570 1818; x_wconf 87' lang='lat' dir='ltr'>stimulis</span> <span class='ocrx_word' id='word_1_88' title='bbox 591 1761 621 1818; x_wconf 89' lang='lat' dir='ltr'>et</span> <span class='ocrx_word' id='word_1_89' title='bbox 633 1762 857 1833; x_wconf 83' lang='lat' dir='ltr'>compunctionis</span> <span class='ocrx_word' id='word_1_90' title='bbox 872 1763 926 1833; x_wconf 81' lang='lat' dir='ltr'>spi-</span> 
     </span>
    </p>

    <p class='ocr_par' dir='ltr' id='par_1_4' title="bbox 70 1859 1042 2524">
     <span class='ocr_line' id='line_1_15' title="bbox 70 1859 926 1935; baseline -0.004 -16"><span class='ocrx_word' id='word_1_91' title='bbox 70 1887 75 1892; x_wconf 87' lang='lat'>.</span> <span class='ocrx_word' id='word_1_92' title='bbox 123 1861 182 1919; x_wconf 86' lang='lat' dir='ltr'>ritu</span> <span class='ocrx_word' id='word_1_93' title='bbox 197 1859 299 1927; x_wconf 86' lang='lat' dir='ltr'>erudit,</span> <span class='ocrx_word' id='word_1_94' title='bbox 315 1860 388 1916; x_wconf 84' lang='lat' dir='ltr'>siout</span> <span class='ocrx_word' id='word_1_95' title='bbox 404 1859 540 1918; x_wconf 85' lang='lat' dir='ltr'>Dominus</span> <span class='ocrx_word' id='word_1_96' title='bbox 551 1859 686 1935; x_wconf 63' lang='lat' dir='ltr'>dioitttr:</span> <span class='ocrx_word' id='word_1_97' title='bbox 699 1859 765 1932; x_wconf 71' lang='lat' dir='ltr'>Euo</span> <span class='ocrx_word' id='word_1_98' title='bbox 777 1877 849 1930; x_wconf 78' lang='lat' dir='ltr'>quos</span> <span class='ocrx_word' id='word_1_99' title='bbox 860 1877 926 1916; x_wconf 84' lang='lat' dir='ltr'>nmo</span> 
     </span>
     <span class='ocr_line' id='line_1_16' title="bbox 124 1957 928 2031; baseline -0.001 -15"><span class='ocrx_word' id='word_1_100' title='bbox 124 1975 218 2031; x_wconf 75' lang='lat' dir='ltr'>arque</span> <span class='ocrx_word' id='word_1_101' title='bbox 239 1961 266 2015; x_wconf 85' lang='lat' dir='ltr'>et</span> <span class='ocrx_word' id='word_1_102' title='bbox 286 1959 406 2031; x_wconf 66' lang='lat' dir='ltr'>castino.</span> <span class='ocrx_word' id='word_1_103' title='bbox 428 1958 455 2014; x_wconf 89' lang='lat' dir='ltr'>Si</span> <span class='ocrx_word' id='word_1_104' title='bbox 478 1958 573 2015; x_wconf 85' lang='lat' dir='ltr'>autern</span> <span class='ocrx_word' id='word_1_105' title='bbox 589 1957 754 2015; x_wconf 85' lang='lat' dir='ltr'>turbabitur</span> <span class='ocrx_word' id='word_1_106' title='bbox 770 1959 812 2015; x_wconf 87' lang='lat' dir='ltr'>voi</span> <span class='ocrx_word' id='word_1_107' title='bbox 829 1960 928 2017; x_wconf 83' lang='lat' dir='ltr'>irasce-</span> 
     </span>
     <span class='ocr_line' id='line_1_17' title="bbox 124 2056 914 2142; baseline 0.001 -29"><span class='ocrx_word' id='word_1_108' title='bbox 124 2058 174 2115; x_wconf 88' lang='lat' dir='ltr'>tur</span> <span class='ocrx_word' id='word_1_109' title='bbox 195 2057 255 2114; x_wconf 85' lang='lat' dir='ltr'>sive</span> <span class='ocrx_word' id='word_1_110' title='bbox 268 2057 367 2114; x_wconf 87' lang='lat' dir='ltr'>contra</span> <span class='ocrx_word' id='word_1_111' title='bbox 384 2056 472 2113; x_wconf 87' lang='lat' dir='ltr'>Deum</span> <span class='ocrx_word' id='word_1_112' title='bbox 489 2058 547 2114; x_wconf 86' lang='lat' dir='ltr'>sive</span> <span class='ocrx_word' id='word_1_113' title='bbox 562 2057 661 2114; x_wconf 84' lang='lat' dir='ltr'>contra</span> <span class='ocrx_word' id='word_1_114' title='bbox 678 2057 781 2114; x_wconf 82' lang='lat' dir='ltr'>fratres</span> <span class='ocrx_word' id='word_1_115' title='bbox 796 2058 839 2114; x_wconf 87' lang='lat' dir='ltr'>vel</span> <span class='ocrx_word' id='word_1_116' title='bbox 855 2057 914 2142; x_wconf 84' lang='lat' dir='ltr'>fort</span> 
     </span>
     <span class='ocr_line' id='line_1_18' title="bbox 126 2154 1042 2228; baseline 0 -15"><span class='ocrx_word' id='word_1_117' title='bbox 126 2155 316 2228; x_wconf 79' lang='lat' dir='ltr'>postulaverit</span> <span class='ocrx_word' id='word_1_118' title='bbox 336 2154 455 2213; x_wconf 87' lang='lat' dir='ltr'>sollicito</span> <span class='ocrx_word' id='word_1_119' title='bbox 476 2155 628 2213; x_wconf 86' lang='lat' dir='ltr'>medicinas</span> <span class='ocrx_word' id='word_1_120' title='bbox 653 2156 737 2212; x_wconf 87' lang='lat' dir='ltr'>nimis</span> <span class='ocrx_word' id='word_1_121' title='bbox 764 2155 927 2214; x_wconf 85' lang='lat' dir='ltr'>desiderans</span> <span class='ocrx_word' id='word_1_122' title='bbox 1037 2219 1042 2226; x_wconf 51' lang='grc'><em>,</em></span> 
     </span>
     <span class='ocr_line' id='line_1_19' title="bbox 124 2254 927 2327; baseline -0.001 -15"><span class='ocrx_word' id='word_1_123' title='bbox 124 2254 246 2312; x_wconf 79' lang='lat' dir='ltr'>liberare</span> <span class='ocrx_word' id='word_1_124' title='bbox 266 2271 378 2313; x_wconf 84' lang='lat' dir='ltr'>carnom</span> <span class='ocrx_word' id='word_1_125' title='bbox 400 2254 455 2312; x_wconf 87' lang='lat' dir='ltr'>cito</span> <span class='ocrx_word' id='word_1_126' title='bbox 471 2254 648 2322; x_wconf 85' lang='lat' dir='ltr'>morituram,</span> <span class='ocrx_word' id='word_1_127' title='bbox 663 2271 735 2327; x_wconf 80' lang='lat' dir='ltr'>quae</span> <span class='ocrx_word' id='word_1_128' title='bbox 755 2254 799 2311; x_wconf 88' lang='lat' dir='ltr'>est</span> <span class='ocrx_word' id='word_1_129' title='bbox 816 2255 927 2312; x_wconf 84' lang='lat' dir='ltr'>animae</span> 
     </span>
     <span class='ocr_line' id='line_1_20' title="bbox 125 2352 926 2421; baseline 0.001 -11"><span class='ocrx_word' id='word_1_130' title='bbox 125 2354 247 2421; x_wconf 81' lang='lat' dir='ltr'>inimica,</span> <span class='ocrx_word' id='word_1_131' title='bbox 269 2369 284 2410; x_wconf 84' lang='lat' dir='ltr'>u</span> <span class='ocrx_word' id='word_1_132' title='bbox 306 2353 382 2412; x_wconf 83' lang='lat' dir='ltr'>mulo</span> <span class='ocrx_word' id='word_1_133' title='bbox 403 2353 455 2410; x_wconf 89' lang='lat' dir='ltr'>sibi</span> <span class='ocrx_word' id='word_1_134' title='bbox 471 2353 565 2410; x_wconf 79' lang='lat' dir='ltr'>evenit</span> <span class='ocrx_word' id='word_1_135' title='bbox 580 2352 609 2410; x_wconf 87' lang='lat' dir='ltr'>ot</span> <span class='ocrx_word' id='word_1_136' title='bbox 622 2353 746 2410; x_wconf 82' lang='lat' dir='ltr'>carnalis</span> <span class='ocrx_word' id='word_1_137' title='bbox 760 2354 813 2421; x_wconf 88' lang='lat' dir='ltr'>est,</span> <span class='ocrx_word' id='word_1_138' title='bbox 828 2354 857 2411; x_wconf 88' lang='lat' dir='ltr'>et</span> <span class='ocrx_word' id='word_1_139' title='bbox 871 2369 926 2411; x_wconf 94' lang='lat' dir='ltr'>non</span> 
     </span>
     <span class='ocr_line' id='line_1_21' title="bbox 127 2451 927 2524; baseline -0.001 -14"><span class='ocrx_word' id='word_1_140' title='bbox 127 2451 238 2510; x_wconf 83' lang='lat' dir='ltr'>uidetur</span> <span class='ocrx_word' id='word_1_141' title='bbox 260 2452 367 2510; x_wconf 85' lang='lat' dir='ltr'>essedo</span> <span class='ocrx_word' id='word_1_142' title='bbox 383 2451 530 2520; x_wconf 81' lang='lat' dir='ltr'>iratribus,</span> <span class='ocrx_word' id='word_1_143' title='bbox 544 2453 612 2524; x_wconf 84' lang='lat' dir='ltr'>quia</span> <span class='ocrx_word' id='word_1_144' title='bbox 627 2451 692 2523; x_wconf 88' lang='lat' dir='ltr'>plns</span> <span class='ocrx_word' id='word_1_145' title='bbox 713 2451 807 2524; x_wconf 87' lang='lat' dir='ltr'>diligit</span> <span class='ocrx_word' id='word_1_146' title='bbox 824 2468 927 2524; x_wconf 89' lang='lat' dir='ltr'>corpus</span> 
     </span>
    </p>
   </div>
   <div class='ocr_carea' id='block_1_4' title="bbox 126 2549 425 2624">
    <p class='ocr_par' dir='ltr' id='par_1_5' title="bbox 126 2549 425 2624">
     <span class='ocr_line' id='line_1_22' title="bbox 126 2549 425 2624; baseline -0.003 -16"><span class='ocrx_word' id='word_1_147' title='bbox 126 2567 208 2624; x_wconf 86' lang='lat' dir='ltr'>quarn</span> <span class='ocrx_word' id='word_1_148' title='bbox 231 2550 353 2607; x_wconf 84' lang='lat' dir='ltr'>animam</span> <span class='ocrx_word' id='word_1_149' title='bbox 371 2549 425 2624; x_wconf 85' lang='lat' dir='ltr'>(b).</span> 
     </span>
    </p>
   </div>
   <div class='ocr_carea' id='block_1_5' title="bbox 125 2695 284 2704">
    <p class='ocr_par' dir='ltr' id='par_1_6' title="bbox 125 2695 284 2704">
     <span class='ocr_line' id='line_1_23' title="bbox 125 2695 284 2704; baseline -0.013 0"><span class='ocrx_word' id='word_1_150' title='bbox 125 2695 284 2704; x_wconf 74' lang='grc'>.-..-.-..-</span> 
     </span>
    </p>
   </div>
   <div class='ocr_carea' id='block_1_6' title="bbox 176 2761 399 2919">
    <p class='ocr_par' dir='ltr' id='par_1_7' title="bbox 176 2761 399 2919">
     <span class='ocr_line' id='line_1_24' title="bbox 176 2761 398 2840; baseline -0.005 -14"><span class='ocrx_word' id='word_1_151' title='bbox 176 2761 212 2840; x_wconf 78' lang='lat'>⁹1)</span> <span class='ocrx_word' id='word_1_152' title='bbox 229 2765 283 2826; x_wconf 76' lang='lat' dir='ltr'>icc.</span> <span class='ocrx_word' id='word_1_153' title='bbox 304 2779 341 2838; x_wconf 85' lang='lat' dir='ltr'>ro,</span> <span class='ocrx_word' id='word_1_154' title='bbox 358 2779 398 2836; x_wconf 82' lang='lat' dir='ltr'>rs,</span> 
     </span>
     <span class='ocr_line' id='line_1_25' title="bbox 185 2860 399 2919; baseline -0.009 -11"><span class='ocrx_word' id='word_1_155' title='bbox 185 2861 210 2919; x_wconf 75' lang='lat'>2)</span> <span class='ocrx_word' id='word_1_156' title='bbox 229 2860 300 2919; x_wconf 76' lang='lat' dir='ltr'>dpoc.</span> <span class='ocrx_word' id='word_1_157' title='bbox 319 2861 342 2919; x_wconf 82' lang='lat'>3,</span> <span class='ocrx_word' id='word_1_158' title='bbox 363 2861 399 2906; x_wconf 89' lang='grc'>19.</span> 
     </span>
    </p>
   </div>
   <div class='ocr_carea' id='block_1_7' title="bbox 0 0 1151 3425">
    <p class='ocr_par' dir='ltr' id='par_1_8' title="bbox 0 0 1151 3425">
     <span class='ocr_line' id='line_1_26' title="bbox 0 0 1151 3425; baseline 0 0"><span class='ocrx_word' id='word_1_159' title='bbox 0 0 1151 3425; x_wconf 95' lang='lat' dir='ltr'> </span> 
     </span>
    </p>
   </div>
  </div>
 </body>
</html>
