<?xml version="1.0" encoding="UTF-8"?>
<!DOCTYPE html PUBLIC "-//W3C//DTD XHTML 1.0 Transitional//EN"
    "http://www.w3.org/TR/xhtml1/DTD/xhtml1-transitional.dtd">
<html xmlns="http://www.w3.org/1999/xhtml" xml:lang="en" lang="en">
 <head>
  <title>
</title>
<meta http-equiv="Content-Type" content="text/html;charset=utf-8" />
  <meta name='ocr-system' content='tesseract 3.04.00' />
  <meta name='ocr-capabilities' content='ocr_page ocr_carea ocr_par ocr_line ocrx_word'/>
</head>
<body>
  <div class='ocr_page' id='page_1' title='image "bibliothecafran01romgoog_0147.png"; bbox 0 0 2284 3425; ppageno 0'>
   <div class='ocr_carea' id='block_1_1' title="bbox 280 221 973 290">
    <p class='ocr_par' dir='ltr' id='par_1_1' title="bbox 280 221 973 290">
     <span class='ocr_line' id='line_1_1' title="bbox 280 221 973 290; baseline -0.006 -8"><span class='ocrx_word' id='word_1_1' title='bbox 280 241 429 282; x_wconf 78' lang='lat' dir='ltr'><strong>CHAR&#39;I&#39;ULA</strong></span> <span class='ocrx_word' id='word_1_2' title='bbox 443 240 521 290; x_wconf 77' lang='lat' dir='ltr'>Quum</span> <span class='ocrx_word' id='word_1_3' title='bbox 543 241 629 281; x_wconf 75' lang='lat' dir='ltr'>numu</span> <span class='ocrx_word' id='word_1_4' title='bbox 650 241 754 282; x_wconf 77' lang='lat' dir='ltr'>ulmum</span> <span class='ocrx_word' id='word_1_5' title='bbox 777 240 869 283; x_wconf 76' lang='lat' dir='ltr'><strong>LEONI·</strong></span> <span class='ocrx_word' id='word_1_6' title='bbox 918 221 973 280; x_wconf 82' lang='lat'>125</span> 
     </span>
    </p>
   </div>
   <div class='ocr_carea' id='block_1_2' title="bbox 158 345 707 354">
    <p class='ocr_par' dir='ltr' id='par_1_2' title="bbox 158 345 707 354">
     <span class='ocr_line' id='line_1_2' title="bbox 158 345 707 354; baseline -0.007 0"><span class='ocrx_word' id='word_1_7' title='bbox 158 347 161 354; x_wconf 71' lang='grc' dir='ltr'>ι</span> <span class='ocrx_word' id='word_1_8' title='bbox 177 345 275 352; x_wconf 71' lang='lat'>———-</span> <span class='ocrx_word' id='word_1_9' title='bbox 564 345 707 350; x_wconf 73' lang='lat'><em>——--—</em></span> 
     </span>
    </p>
   </div>
   <div class='ocr_carea' id='block_1_3' title="bbox 172 430 976 1178">
    <p class='ocr_par' dir='ltr' id='par_1_3' title="bbox 172 430 976 1178">
     <span class='ocr_line' id='line_1_3' title="bbox 173 430 976 502; baseline 0.001 -16"><span class='ocrx_word' id='word_1_10' title='bbox 173 430 224 487; x_wconf 88' lang='lat' dir='ltr'>tia.</span> <span class='ocrx_word' id='word_1_11' title='bbox 245 430 286 488; x_wconf 81' lang='lat' dir='ltr'>&#39;lu</span> <span class='ocrx_word' id='word_1_12' title='bbox 308 447 338 488; x_wconf 90' lang='lat' dir='ltr'>es</span> <span class='ocrx_word' id='word_1_13' title='bbox 360 430 472 488; x_wconf 82' lang='lat' dir='ltr'>iustitie</span> <span class='ocrx_word' id='word_1_14' title='bbox 493 431 522 488; x_wconf 83' lang='lat' dir='ltr'>et</span> <span class='ocrx_word' id='word_1_15' title='bbox 544 431 741 502; x_wconf 72' lang='lat' dir='ltr'>temperantia.</span> <span class='ocrx_word' id='word_1_16' title='bbox 764 430 805 487; x_wconf 74' lang='lat' dir='ltr'>Tu</span> <span class='ocrx_word' id='word_1_17' title='bbox 826 447 857 486; x_wconf 88' lang='lat' dir='ltr'>es</span> <span class='ocrx_word' id='word_1_18' title='bbox 882 431 976 488; x_wconf 86' lang='lat' dir='ltr'>omnia</span> 
     </span>
     <span class='ocr_line' id='line_1_4' title="bbox 172 527 975 605; baseline 0 -19"><span class='ocrx_word' id='word_1_19' title='bbox 172 527 272 586; x_wconf 82' lang='lat' dir='ltr'>divitia</span> <span class='ocrx_word' id='word_1_20' title='bbox 293 529 329 586; x_wconf 82' lang='lat' dir='ltr'>ad</span> <span class='ocrx_word' id='word_1_21' title='bbox 344 529 543 588; x_wconf 82' lang='lat' dir='ltr'>sufficientiam</span> <span class='ocrx_word' id='word_1_22' title='bbox 555 527 612 605; x_wconf 82' lang='lat' dir='ltr'>(a).</span> <span class='ocrx_word' id='word_1_23' title='bbox 627 529 668 587; x_wconf 83' lang='lat' dir='ltr'>&#39;lu</span> <span class='ocrx_word' id='word_1_24' title='bbox 683 546 713 586; x_wconf 88' lang='lat' dir='ltr'>es</span> <span class='ocrx_word' id='word_1_25' title='bbox 729 529 917 601; x_wconf 76' lang='lat' dir='ltr'>pulchritudo.</span> <span class='ocrx_word' id='word_1_26' title='bbox 933 529 975 586; x_wconf 81' lang='lat' dir='ltr'>Tu</span> 
     </span>
     <span class='ocr_line' id='line_1_5' title="bbox 173 627 976 700; baseline -0.001 -16"><span class='ocrx_word' id='word_1_27' title='bbox 173 643 203 684; x_wconf 85' lang='lat' dir='ltr'>es</span> <span class='ocrx_word' id='word_1_28' title='bbox 225 627 420 686; x_wconf 82' lang='lat' dir='ltr'>mansuetudo.</span> <span class='ocrx_word' id='word_1_29' title='bbox 441 627 483 684; x_wconf 80' lang='lat' dir='ltr'>&#39;lu</span> <span class='ocrx_word' id='word_1_30' title='bbox 504 644 534 685; x_wconf 85' lang='lat' dir='ltr'>es</span> <span class='ocrx_word' id='word_1_31' title='bbox 556 628 709 700; x_wconf 81' lang='lat' dir='ltr'>protector.</span> <span class='ocrx_word' id='word_1_32' title='bbox 723 627 764 684; x_wconf 86' lang='lat' dir='ltr'>Tu</span> <span class='ocrx_word' id='word_1_33' title='bbox 786 644 817 685; x_wconf 85' lang='lat' dir='ltr'>es</span> <span class='ocrx_word' id='word_1_34' title='bbox 837 628 933 686; x_wconf 81' lang='lat' dir='ltr'>custos</span> <span class='ocrx_word' id='word_1_35' title='bbox 947 629 976 685; x_wconf 88' lang='lat' dir='ltr'>et</span> 
     </span>
     <span class='ocr_line' id='line_1_6' title="bbox 174 719 976 798; baseline 0 -15"><span class='ocrx_word' id='word_1_36' title='bbox 174 725 312 785; x_wconf 81' lang='lat' dir='ltr'>defensor.</span> <span class='ocrx_word' id='word_1_37' title='bbox 333 726 427 784; x_wconf 82' lang='lat' dir='ltr'>Tuos</span> <span class='ocrx_word' id='word_1_38' title='bbox 448 724 595 784; x_wconf 81' lang='lat' dir='ltr'>fortitudo.</span> <span class='ocrx_word' id='word_1_39' title='bbox 616 719 657 783; x_wconf 77' lang='lat' dir='ltr'>&#39;lu</span> <span class='ocrx_word' id='word_1_40' title='bbox 678 743 708 783; x_wconf 85' lang='lat' dir='ltr'>os</span> <span class='ocrx_word' id='word_1_41' title='bbox 727 726 913 798; x_wconf 79' lang='lat' dir='ltr'><strong>refrigerium.</strong></span> <span class='ocrx_word' id='word_1_42' title='bbox 934 726 976 783; x_wconf 83' lang='lat' dir='ltr'>Tu</span> 
     </span>
     <span class='ocr_line' id='line_1_7' title="bbox 174 823 976 911; baseline 0.001 -30"><span class='ocrx_word' id='word_1_43' title='bbox 174 841 203 881; x_wconf 83' lang='lat' dir='ltr'>es</span> <span class='ocrx_word' id='word_1_44' title='bbox 224 841 290 896; x_wconf 86' lang='lat' dir='ltr'><strong>spes</strong></span> <span class='ocrx_word' id='word_1_45' title='bbox 310 823 418 911; x_wconf 62' lang='lat' dir='ltr'>nostra.</span> <span class='ocrx_word' id='word_1_46' title='bbox 440 825 481 882; x_wconf 85' lang='lat' dir='ltr'>Tu</span> <span class='ocrx_word' id='word_1_47' title='bbox 503 841 532 882; x_wconf 89' lang='lat' dir='ltr'>es</span> <span class='ocrx_word' id='word_1_48' title='bbox 554 824 623 882; x_wconf 84' lang='lat' dir='ltr'>fides</span> <span class='ocrx_word' id='word_1_49' title='bbox 644 824 752 883; x_wconf 87' lang='lat' dir='ltr'>nostra.</span> <span class='ocrx_word' id='word_1_50' title='bbox 767 824 808 882; x_wconf 82' lang='lat' dir='ltr'>&#39;lu</span> <span class='ocrx_word' id='word_1_51' title='bbox 823 841 853 882; x_wconf 91' lang='lat' dir='ltr'>es</span> <span class='ocrx_word' id='word_1_52' title='bbox 871 841 976 898; x_wconf 82' lang='lat' dir='ltr'><strong>magna</strong></span> 
     </span>
     <span class='ocr_line' id='line_1_8' title="bbox 174 922 976 1003; baseline 0.002 -24"><span class='ocrx_word' id='word_1_53' title='bbox 174 922 289 982; x_wconf 78' lang='lat' dir='ltr'>dulcedo</span> <span class='ocrx_word' id='word_1_54' title='bbox 310 923 417 1003; x_wconf 71' lang='lat' dir='ltr'>nostru.</span> <span class='ocrx_word' id='word_1_55' title='bbox 440 923 481 980; x_wconf 87' lang='lat' dir='ltr'>Tu</span> <span class='ocrx_word' id='word_1_56' title='bbox 503 940 532 980; x_wconf 90' lang='lat' dir='ltr'>es</span> <span class='ocrx_word' id='word_1_57' title='bbox 554 925 615 980; x_wconf 85' lang='lat' dir='ltr'>rita</span> <span class='ocrx_word' id='word_1_58' title='bbox 635 923 752 980; x_wconf 84' lang='lat' dir='ltr'><strong>aeterna</strong></span> <span class='ocrx_word' id='word_1_59' title='bbox 780 924 888 991; x_wconf 83' lang='lat' dir='ltr'>nostra,</span> <span class='ocrx_word' id='word_1_60' title='bbox 917 936 976 981; x_wconf 85' lang='lat' dir='ltr'>ma-</span> 
     </span>
     <span class='ocr_line' id='line_1_9' title="bbox 173 1021 975 1096; baseline 0.001 -18"><span class='ocrx_word' id='word_1_61' title='bbox 173 1038 247 1096; x_wconf 81' lang='lat' dir='ltr'>guus</span> <span class='ocrx_word' id='word_1_62' title='bbox 268 1022 297 1079; x_wconf 89' lang='lat' dir='ltr'>ot</span> <span class='ocrx_word' id='word_1_63' title='bbox 317 1021 493 1079; x_wconf 85' lang='lat' dir='ltr'>admirabilis</span> <span class='ocrx_word' id='word_1_64' title='bbox 516 1021 662 1088; x_wconf 74' lang='lat' dir='ltr'>Dominae,</span> <span class='ocrx_word' id='word_1_65' title='bbox 687 1022 760 1079; x_wconf 83' lang='lat' dir='ltr'>Deus</span> <span class='ocrx_word' id='word_1_66' title='bbox 787 1023 975 1096; x_wconf 73' lang='lat' dir='ltr'>omnipotenS‚</span> 
     </span>
     <span class='ocr_line' id='line_1_10' title="bbox 175 1120 493 1178; baseline 0.006 -2"><span class='ocrx_word' id='word_1_67' title='bbox 175 1121 332 1178; x_wconf 80' lang='lat' dir='ltr'><strong>misericors</strong></span> <span class='ocrx_word' id='word_1_68' title='bbox 353 1120 493 1178; x_wconf 80' lang='lat' dir='ltr'>Salvator.</span> 
     </span>
    </p>
   </div>
   <div class='ocr_carea' id='block_1_4' title="bbox 399 1321 750 1395">
    <p class='ocr_par' dir='ltr' id='par_1_4' title="bbox 399 1321 750 1395">
     <span class='ocr_line' id='line_1_11' title="bbox 399 1321 750 1395; baseline 0 -13"><span class='ocrx_word' id='word_1_69' title='bbox 399 1321 559 1383; x_wconf 85' lang='lat' dir='ltr'>Benediotio</span> <span class='ocrx_word' id='word_1_70' title='bbox 581 1322 616 1382; x_wconf 88' lang='lat' dir='ltr'>fr.</span> <span class='ocrx_word' id='word_1_71' title='bbox 639 1322 750 1395; x_wconf 78' lang='lat' dir='ltr'>Leonis.</span> 
     </span>
    </p>
   </div>
   <div class='ocr_carea' id='block_1_5' title="bbox 175 1511 978 1881">
    <p class='ocr_par' dir='ltr' id='par_1_5' title="bbox 175 1511 978 1881">
     <span class='ocr_line' id='line_1_12' title="bbox 254 1511 976 1570; baseline -0.003 0"><span class='ocrx_word' id='word_1_72' title='bbox 254 1512 414 1570; x_wconf 75' lang='lat' dir='ltr'>Benedicat</span> <span class='ocrx_word' id='word_1_73' title='bbox 447 1511 500 1569; x_wconf 82' lang='lat' dir='ltr'>tibi</span> <span class='ocrx_word' id='word_1_74' title='bbox 527 1512 675 1570; x_wconf 84' lang='lat' dir='ltr'>Dominus</span> <span class='ocrx_word' id='word_1_75' title='bbox 706 1515 733 1569; x_wconf 85' lang='lat' dir='ltr'>ei</span> <span class='ocrx_word' id='word_1_76' title='bbox 764 1512 911 1570; x_wconf 79' lang='lat' dir='ltr'>custodiat</span> <span class='ocrx_word' id='word_1_77' title='bbox 942 1515 976 1569; x_wconf 81' lang='lat' dir='ltr'>ie.</span> 
     </span>
     <span class='ocr_line' id='line_1_13' title="bbox 178 1608 975 1680; baseline -0.001 -12"><span class='ocrx_word' id='word_1_78' title='bbox 178 1609 318 1670; x_wconf 76' lang='lat' dir='ltr'>Ostendat</span> <span class='ocrx_word' id='word_1_79' title='bbox 343 1608 449 1680; x_wconf 68' lang='lat' dir='ltr'>furiem</span> <span class='ocrx_word' id='word_1_80' title='bbox 476 1627 562 1668; x_wconf 82' lang='lat' dir='ltr'>suom</span> <span class='ocrx_word' id='word_1_81' title='bbox 591 1610 643 1667; x_wconf 85' lang='lat' dir='ltr'>libi</span> <span class='ocrx_word' id='word_1_82' title='bbox 670 1613 698 1667; x_wconf 86' lang='lat' dir='ltr'>et</span> <span class='ocrx_word' id='word_1_83' title='bbox 723 1611 896 1668; x_wconf 81' lang='lat' dir='ltr'>orisereotur</span> <span class='ocrx_word' id='word_1_84' title='bbox 924 1611 975 1668; x_wconf 82' lang='lat' dir='ltr'>tui.</span> 
     </span>
     <span class='ocr_line' id='line_1_14' title="bbox 179 1706 978 1782; baseline 0.001 -16"><span class='ocrx_word' id='word_1_85' title='bbox 179 1706 335 1769; x_wconf 81' lang='lat' dir='ltr'>Ooooerlot</span> <span class='ocrx_word' id='word_1_86' title='bbox 354 1709 467 1768; x_wconf 80' lang='lat' dir='ltr'>vultum</span> <span class='ocrx_word' id='word_1_87' title='bbox 492 1726 579 1768; x_wconf 81' lang='lat' dir='ltr'>suum</span> <span class='ocrx_word' id='word_1_88' title='bbox 600 1709 640 1767; x_wconf 83' lang='lat' dir='ltr'>od</span> <span class='ocrx_word' id='word_1_89' title='bbox 666 1714 691 1767; x_wconf 83' lang='lat' dir='ltr'>te</span> <span class='ocrx_word' id='word_1_90' title='bbox 718 1714 745 1766; x_wconf 87' lang='lat' dir='ltr'>et</span> <span class='ocrx_word' id='word_1_91' title='bbox 772 1712 820 1769; x_wconf 81' lang='lat' dir='ltr'>clei</span> <span class='ocrx_word' id='word_1_92' title='bbox 847 1709 901 1769; x_wconf 81' lang='lat' dir='ltr'>liti</span> <span class='ocrx_word' id='word_1_93' title='bbox 921 1726 978 1782; x_wconf 79' lang='lat' dir='ltr'>po·</span> 
     </span>
     <span class='ocr_line' id='line_1_15' title="bbox 175 1806 826 1881; baseline 0.003 -18"><span class='ocrx_word' id='word_1_94' title='bbox 175 1822 232 1865; x_wconf 86' lang='lat' dir='ltr'>oem</span> <span class='ocrx_word' id='word_1_95' title='bbox 248 1806 304 1881; x_wconf 71' lang='lat'><strong>(1).</strong></span> <span class='ocrx_word' id='word_1_96' title='bbox 327 1808 463 1866; x_wconf 83' lang='lat' dir='ltr'>Dominus</span> <span class='ocrx_word' id='word_1_97' title='bbox 485 1807 639 1876; x_wconf 81' lang='lat' dir='ltr'>benedicat,</span> <span class='ocrx_word' id='word_1_98' title='bbox 662 1807 681 1865; x_wconf 84' lang='lat' dir='ltr'>f.</span> <span class='ocrx_word' id='word_1_99' title='bbox 703 1807 767 1876; x_wconf 87' lang='lat' dir='ltr'>Leo,</span> <span class='ocrx_word' id='word_1_100' title='bbox 789 1809 826 1865; x_wconf 87' lang='lat' dir='ltr'>te.</span> 
     </span>
    </p>
   </div>
   <div class='ocr_carea' id='block_1_6' title="bbox 442 2044 709 2051">
    <p class='ocr_par' dir='ltr' id='par_1_6' title="bbox 442 2044 709 2051">
     <span class='ocr_line' id='line_1_16' title="bbox 442 2044 709 2051; baseline -0.004 -1"><span class='ocrx_word' id='word_1_101' title='bbox 442 2044 709 2051; x_wconf 74' lang='lat'><em>-—.—-·-————--———</em></span> 
     </span>
    </p>
   </div>
   <div class='ocr_carea' id='block_1_7' title="bbox 509 2184 642 2281">
    <p class='ocr_par' dir='ltr' id='par_1_7' title="bbox 509 2184 642 2281">
     <span class='ocr_line' id='line_1_17' title="bbox 509 2184 642 2281; baseline 0.008 -28"><span class='ocrx_word' id='word_1_102' title='bbox 509 2184 642 2281; x_wconf 45' lang='lat' dir='ltr'>&amp;wo</span> 
     </span>
    </p>
   </div>
   <div class='ocr_carea' id='block_1_8' title="bbox 80 2398 1009 2799">
    <p class='ocr_par' dir='ltr' id='par_1_8' title="bbox 80 2398 1009 2799">
     <span class='ocr_line' id='line_1_18' title="bbox 257 2398 977 2472; baseline 0 -17"><span class='ocrx_word' id='word_1_103' title='bbox 257 2398 417 2458; x_wconf 80' lang='lat' dir='ltr'>Absorbeat</span> <span class='ocrx_word' id='word_1_104' title='bbox 430 2414 543 2472; x_wconf 84' lang='lat' dir='ltr'>quaeso,</span> <span class='ocrx_word' id='word_1_105' title='bbox 558 2399 686 2470; x_wconf 86' lang='lat' dir='ltr'><strong>Domine,</strong></span> <span class='ocrx_word' id='word_1_106' title='bbox 701 2398 821 2457; x_wconf 88' lang='lat' dir='ltr'><strong>mentem</strong></span> <span class='ocrx_word' id='word_1_107' title='bbox 838 2415 926 2455; x_wconf 85' lang='lat' dir='ltr'><strong>meam</strong></span> <span class='ocrx_word' id='word_1_108' title='bbox 941 2398 977 2455; x_wconf 81' lang='lat' dir='ltr'>ab</span> 
     </span>
     <span class='ocr_line' id='line_1_19' title="bbox 176 2496 1009 2570; baseline -0.001 -16"><span class='ocrx_word' id='word_1_109' title='bbox 176 2497 315 2566; x_wconf 83' lang='lat' dir='ltr'>omnious,</span> <span class='ocrx_word' id='word_1_110' title='bbox 338 2515 408 2570; x_wconf 84' lang='lat' dir='ltr'>quae</span> <span class='ocrx_word' id='word_1_111' title='bbox 430 2497 482 2555; x_wconf 89' lang='lat' dir='ltr'>sub</span> <span class='ocrx_word' id='word_1_112' title='bbox 504 2498 580 2556; x_wconf 85' lang='lat' dir='ltr'>caelo</span> <span class='ocrx_word' id='word_1_113' title='bbox 602 2497 679 2565; x_wconf 90' lang='lat' dir='ltr'>sunt,</span> <span class='ocrx_word' id='word_1_114' title='bbox 694 2498 785 2570; x_wconf 84' lang='lat' dir='ltr'>ignita</span> <span class='ocrx_word' id='word_1_115' title='bbox 800 2498 828 2555; x_wconf 92' lang='lat' dir='ltr'>et</span> <span class='ocrx_word' id='word_1_116' title='bbox 842 2496 978 2555; x_wconf 84' lang='lat' dir='ltr'>melliflua</span> <span class='ocrx_word' id='word_1_117' title='bbox 1007 2532 1009 2536; x_wconf 93' lang='lat'>-</span> 
     </span>
     <span class='ocr_line' id='line_1_20' title="bbox 177 2596 976 2669; baseline -0.001 -16"><span class='ocrx_word' id='word_1_118' title='bbox 177 2598 220 2653; x_wconf 86' lang='lat' dir='ltr'>ris</span> <span class='ocrx_word' id='word_1_119' title='bbox 241 2597 345 2654; x_wconf 83' lang='lat' dir='ltr'>amoris</span> <span class='ocrx_word' id='word_1_120' title='bbox 366 2596 418 2663; x_wconf 87' lang='lat' dir='ltr'>tui,</span> <span class='ocrx_word' id='word_1_121' title='bbox 440 2597 473 2653; x_wconf 91' lang='lat' dir='ltr'>ut</span> <span class='ocrx_word' id='word_1_122' title='bbox 493 2613 588 2655; x_wconf 87' lang='lat' dir='ltr'>amoro</span> <span class='ocrx_word' id='word_1_123' title='bbox 609 2598 714 2654; x_wconf 80' lang='lat' dir='ltr'><strong>amoris</strong></span> <span class='ocrx_word' id='word_1_124' title='bbox 735 2597 777 2653; x_wconf 88' lang='lat' dir='ltr'>tui</span> <span class='ocrx_word' id='word_1_125' title='bbox 800 2598 913 2664; x_wconf 83' lang='lat' dir='ltr'><strong>moriar,</strong></span> <span class='ocrx_word' id='word_1_126' title='bbox 929 2596 976 2669; x_wconf 91' lang='lat' dir='ltr'>qui</span> 
     </span>
     <span class='ocr_line' id='line_1_21' title="bbox 80 2695 778 2799; baseline -0.011 -40"><span class='ocrx_word' id='word_1_127' title='bbox 80 2748 88 2759; x_wconf 68' lang='lat'>„</span> <span class='ocrx_word' id='word_1_128' title='bbox 176 2712 270 2754; x_wconf 81' lang='lat' dir='ltr'>amoro</span> <span class='ocrx_word' id='word_1_129' title='bbox 291 2696 396 2753; x_wconf 80' lang='lat' dir='ltr'><strong>amoris</strong></span> <span class='ocrx_word' id='word_1_130' title='bbox 417 2697 478 2799; x_wconf 56' lang='lat' dir='ltr'>mei=</span> <span class='ocrx_word' id='word_1_131' title='bbox 491 2695 626 2767; x_wconf 85' lang='lat' dir='ltr'>dignatus</span> <span class='ocrx_word' id='word_1_132' title='bbox 647 2712 676 2752; x_wconf 89' lang='lat' dir='ltr'>es</span> <span class='ocrx_word' id='word_1_133' title='bbox 698 2696 778 2753; x_wconf 90' lang='lat' dir='ltr'><strong>mori.</strong></span> 
     </span>
    </p>
   </div>
   <div class='ocr_carea' id='block_1_9' title="bbox 241 2872 529 2967">
    <p class='ocr_par' dir='ltr' id='par_1_9' title="bbox 241 2872 529 2967">
     <span class='ocr_line' id='line_1_22' title="bbox 241 2872 529 2967; baseline 0 -14"><span class='ocrx_word' id='word_1_134' title='bbox 241 2872 529 2967; x_wconf 60' lang='lat' dir='ltr'>mmfflomm.</span> 
     </span>
    </p>
   </div>
   <div class='ocr_carea' id='block_1_10' title="bbox 0 0 1151 3425">
    <p class='ocr_par' dir='ltr' id='par_1_10' title="bbox 0 0 1151 3425">
     <span class='ocr_line' id='line_1_23' title="bbox 0 0 1151 3425; baseline 0 0"><span class='ocrx_word' id='word_1_135' title='bbox 0 0 1151 3425; x_wconf 95' lang='lat' dir='ltr'> </span> 
     </span>
    </p>
   </div>
  </div>
 </body>
</html>
