2284 3425
446 239 483 284 no
504 239 662 284 emesenum
683 237 703 282 1.
918 219 981 282 183⁴

254 431 281 490 3.
304 427 350 489 Ad
368 429 503 490 notionem
516 430 602 489 huius
616 431 746 489 editionis
761 431 975 507 dicimusquod

173 530 353 588 adhibuimus
376 531 527 603 Praecipue
554 530 673 590 codicem
695 529 764 586 338.
793 529 976 588 bibliothecae

174 627 348 687 Assisionsis
363 630 392 686 et
413 629 530 686 codicem
547 631 703 687 conventus
717 626 898 701 Ognissanti.'
908 627 975 686 Gon-

174 727 293 784 tulimus
316 727 461 799 practerea
482 727 589 798 codices
612 727 623 784 1
631 727 692 794 i25.
714 726 743 787 ot
765 725 845 802 1s73.
866 727 976 800 collegii

174 826 200 882 S.
223 825 334 893 Isidori,
357 831 463 884 necnon
485 825 636 884 editionem
661 825 797 897 epistolae
823 827 850 882 in
879 825 974 882 Monu-

175 923 279 994 mente‚
301 924 386 983 tract.
409 924 449 990 ΙΙ,
472 921 519 984 fot.
542 923 601 980 278
617 942 650 989 m,
672 924 700 980 et
731 923 806 995 opud
829 923 974 989 Pisanum,

174 1024 220 1094 qui
236 1022 255 1079 l.
277 1039 300 1080 c.
323 1023 418 1080 fructu
431 1022 499 1080 XII.
515 1039 542 1094 p.
558 1023 599 1079 ΙΙ.
615 1039 746 1095 magnam
762 1021 898 1094 epistotae
914 1039 976 1093 par·

174 1121 229 1176 tem
253 1122 358 1192 passim
380 1122 499 1178 inseruit
512 1120 566 1196 (1).
583 1154 620 1162 —
635 1120 738 1178 Plures
758 1120 864 1177 codices
879 1121 907 1176 et
922 1120 976 1176 edi·
1013 1121 1022 1138 '

173 1220 212 1276 tio
224 1218 373 1292 Waddiugi
389 1219 536 1292 epistolum
554 1221 582 1277 in
597 1220 692 1291 cupita
706 1218 837 1276 dividunt
851 1219 975 1290 ipsisque

173 1316 273 1376 titulos
295 1318 501 1391 imposuerunt,
523 1335 608 1390 quam
636 1317 799 1376 divisionem
826 1334 887 1374 cum
910 1318 975 1373 otiis

172 1415 312 1474 codicibus
333 1415 529 1490 negligendam
552 1433 613 1474 esse
634 1415 774 1473 duximus

358 1563 368 1610 u
482 1527 520 1584 Ᾱῦ
531 1532 600 1584 'an
620 1532 663 1584 87.

236 1623 271 1680 (a)
290 1621 307 1667 Ο
324 1621 408 1666 omnio
425 1620 500 1666 oei-ba
516 1621 626 1668 Domini.

236 1701 270 1760 ib)
289 1702 320 1748 ds
337 1703 362 1748 et
378 1702 430 1749 edd.
449 1701 514 1761 quod
529 1717 595 1749 cum.

236 1785 268 1841 (ct
286 1783 304 1828 0
321 1797 395 1829 nunc.

486 1846 523 1897 An
544 1849 602 1898 i‘nc.
623 1849 666 1898 88.

176 1909 178 1912 Ι
236 1936 271 1992 (a)
290 1934 493 1981 nectendum.
512 1938 643 1979 uenturum
665 1935 719 1991 post
739 1935 767 1978 de
788 1936 869 1988 coelo,·
891 1934 975 1980 deiude
1020 1945 1023 1950 “

157 2016 255 2074 'legunt
271 2015 298 2058 in
315 2021 413 2061 uterum
429 2019 539 2061 euticiae.
558 2014 576 2060 Ο
593 2016 663 2073 poulo
680 2018 733 2073 poet
751 2019 820 2060 eutero
837 2029 901 2060 uero.

484 2098 523 2149 dn
544 2097 603 2147 Pho.
623 2098 665 2147 89.

236 2186 271 2241 (u)
290 2184 307 2230 Ο
325 2198 369 2231 om.
388 2190 502 2231 elnotus
519 2186 568 2242 fuit
582 2200 633 2244 pro
649 2185 728 2231 nobie.

236 2264 270 2324 td)
288 2264 306 2309 O
323 2278 367 2311 om.
386 2266 419 2310 nt
436 2266 497 2322 osolt,
515 2270 542 2311 ut
558 2279 641 2311 eume
656 2267 782 2311 calneium·
795 2265 951 2323 peripsum.

389 2388 392 2393 ·
484 2366 521 2415 An
541 2364 600 2417 ihc.
621 2366 664 2417 bo.

235 2454 270 2509 (a)
282 2452 300 2499 0
312 2452 402 2511 pergit:
418 2452 480 2508 Quto
493 2454 613 2500 Dominus
625 2454 700 2499 dicit:
715 2454 761 2509 Qui
773 2468 850 2499 oseam
860 2467 970 2499 curnem.

235 2532 270 2593 (b)
288 2534 318 2579 ds
335 2535 359 2579 ot
375 2533 428 2579 edd.
447 2546 492 2579 om.
510 2535 548 2579 vel
563 2548 612 2579 non
626 2539 717 2592 potest.

233 2614 267 2673 (c)
285 2613 302 2659 0
320 2618 343 2659 et
360 2613 566 2659 misericordiam.

237 2748 259 2807 l)
276 2745 430 2807 Roduiphiue
445 2748 653 2805 Toeeinioneneie,
666 2748 824 2796 Historiarum
836 2749 972 2806 seraphicno
1051 2788 1054 2793 .

170 2827 292 2885 religionis
309 2828 365 2875 libri
382 2832 432 2875 tres
450 2828 568 2886 (venetiis
587 2830 667 2888 1586),
685 2830 725 2880 sol.
741 2831 784 2876 mc
797 2845 816 2875 r.
835 2829 900 2875 itiom
918 2844 970 2888 par-

170 2910 217 2955 tem
234 2908 319 2965 edidit,
337 2922 404 2966 quium
423 2907 580 2966 Weddingus
596 2910 632 2956 uti
649 2910 773 2969 epistolam
790 2911 808 2957 1.
827 2910 932 2957 exhibet.
