2284 3425
174 120 210 181 16
359 166 362 176 r
467 139 687 187 unnommonra

173 330 202 386 ot
212 330 343 403 operibus
359 332 469 403 Domini
485 334 586 391 etcum
599 333 644 391 his
656 313 838 414 perducit(a)
850 335 978 394 homines
1125 363 1127 420 ᾗ

172 428 208 485 ad
229 447 351 489 amorem
374 431 425 489 Dei
446 433 475 489 in
496 432 601 505 gaudio
622 434 651 490 et
672 434 794 492 laetitia.
810 434 848 491 Et
870 450 921 492 vae
935 435 977 491 iiii
1062 429 1073 448 ⁸
1125 481 1127 516 p

174 528 313 601 religioso,
335 532 382 602 qui
404 530 526 588 delectat
548 548 578 589 se
594 530 636 605 (b)
659 533 687 590 in
717 532 810 591 verbis
831 533 929 590 otiosis
950 533 979 590 et
1125 525 1126 528 ’

173 627 305 686 inanibus
327 630 356 686 et
376 638 441 687 eum·
461 629 505 687 his
528 629 656 702 perducit
676 630 803 690 homiues
824 630 859 689 ad
881 632 978 689 risum.
1070 669 1076 713 ‚¹

223 812 309 873 XXII
331 849 365 857 —
388 797 528 874 De'inani
544 822 579 879 ,et
598 814 708 894 loquaci
728 816 859 912 religioso
876 821 886 892 (
904 819 927 890 ).
1008 849 1010 852 ·
1125 765 1127 796 l

254 977 360 1034 Beatus
376 941 429 1035 ilie
451 995 559 1047 servus,
582 980 629 1052 qui
651 995 706 1036 nou
721 979 848 1051 loquitur
863 978 916 1037 sub
930 996 979 1052 spe
1071 945 1078 1026 ι’

175 1076 308 1134 mercedis
329 1077 358 1134 et
378 1078 472 1135 omnia
494 1094 546 1135 sua
567 1094 621 1135 non
641 1075 807 1159 manifestat
818 1075 864 1154 (d)
880 1078 909 1134 et
923 1094 978 1135 non
1078 1095 1082 1105 ¹

174 1175 218 1233 est
228 1176 311 1233 octone
322 1175 362 1233 od
372 1176 548 1247 loquendum
558 1176 613 1249 (1),
626 1176 673 1233 sed
685 1175 829 1247 sapienter
841 1174 979 1247 providet,

174 1292 246 1347 quae
267 1274 350 1332 debet
370 1276 445 1347 loqui
466 1274 495 1332 et
510 1274 686 1346 respondere.
702 1273 761 1330 Vae
775 1273 818 1330 illi
831 1274 978 1350 religiose,

175 1374 222 1446 qui
244 1372 326 1441 bona,
342 1390 412 1447 quae
430 1374 565 1431 Dominus
581 1372 633 1428 sibi
655 1370 788 1439 ostendit,
804 1386 859 1429 uon
875 1369 981 1429 retinet
1074 1394 1091 1446 e
1125 1439 1126 1442 Ἴ

175 1472 203 1529 in
219 1471 300 1529 corde
316 1488 366 1529 suo
381 1472 409 1527 et
423 1472 487 1528 aliis
504 1486 560 1528 non
575 1468 699 1527 ostendit
714 1486 764 1541 per
778 1470 979 1542 operationem,

176 1570 230 1628 sed
248 1572 337 1642 magis
359 1569 411 1627 snb
432 1585 481 1641 ape
503 1567 638 1625 mercedis
652 1567 815 1626 hominibus
829 1568 922 1625 verbis
936 1584 982 1625 cu·
1074 1567 1082 1614 i
1125 1615 1127 1628 ,

178 1670 219 1742 pit
240 1658 402 1737 ostendere3
425 1667 453 1724 in
475 1665 527 1724 hoo
548 1667 621 1724 enim
638 1665 678 1740 (e)
701 1666 802 1740 recipit
827 1666 980 1726 mercedem
1080 1649 1086 1715 ἶ
1125 1657 1126 1688 ³

177 1785 266 1834 suam,
288 1768 317 1824 et
337 1767 483 1824 audientes
505 1782 604 1837 parum
627 1764 750 1822 fructum
773 1766 932 1839 reportant.
968 1759 977 1772 ’
1075 1748 1085 1771 ”
1125 1807 1127 1833 ,

316 1942 426 2003 ΧΧΙΠ.
451 1978 488 1987 -
510 1943 550 2003 De
572 1963 637 2003 vere
657 1943 836 2004 correctione.
931 1945 934 1949 ’

258 2107 363 2165 Beatus
384 2122 492 2173 servire,
508 2108 553 2180 qui
570 2107 757 2180 disciplinam,
773 2108 980 2166 accusationem
1040 2184 1042 2186 v
1081 2148 1093 2201 ,Ι

178 2206 207 2265 et
227 2207 472 2278 reprehensionem
494 2206 534 2263 ita
557 2207 699 2278 patienter
720 2207 755 2264 ab
777 2207 833 2264 alio
848 2207 980 2272 sustinet,
1025 2196 1027 2201 ¹

178 2306 251 2363 sieut
265 2323 281 2362 a
297 2304 446 2377 semetipso
458 2301 508 2380 (s).
524 2305 631 2362 Beatus
645 2322 755 2373 sennua,
770 2307 817 2377 qui
833 2303 981 2376 reprehen·
1088 2386 1093 2412 1

179 2420 228 2460 sus
242 2403 361 2475 benigne
375 2402 536 2474 acquiescit,
552 2402 707 2460 verecunde
727 2401 913 2472 obtemperat,
928 2400 981 2457 hu·

179 2501 285 2558 militer
315 2499 465 2558 confitetur
494 2501 522 2558 et
548 2501 671 2558 libenter
698 2497 847 2556 satisfacit.
875 2498 981 2555 Beatus

180 2601 356 2672 serenandi
379 2615 433 2657 non
456 2598 657 2656 estveiorad
686 2613 715 2655 se
743 2597 930 2655 excusandum
953 2596 981 2653 et
1079 2592 1095 2627 ''¹
1125 2660 1127 2669 ,

184 2737 343 2746 .-..—-——.⁴

246 2815 267 2870 n
287 2814 354 2859 nstv.
373 2813 412 2869 no,
431 2811 470 2859 ao.
532 2867 536 2872 ¹
