2284 3425
399 228 401 233 ’
449 239 584 282 emesena
605 241 624 280 1.
897 222 933 280 ol

134 430 189 501 ipsi
204 429 306 488 volant
325 447 343 486 a
366 429 484 488 Domino
498 429 716 488 misericordiam
733 429 868 488 obtinere.
884 430 937 487 Io-

127 527 242 586 dioium
262 529 339 585 enim
359 529 421 586 sino
441 529 645 586 misericordia
665 527 713 598 eoi
739 528 937 600 illisionem

130 623 206 696 feeit
226 623 458 685 miseriooiciiom
470 625 524 703 (1).
548 626 711 684 Habeamus
725 627 820 698 itaque
834 626 936 686 cerita-

132 724 190 781 tem
212 725 241 782 et
258 723 448 783 humilitatem
464 724 494 783 et
508 725 644 783 iaciamus
659 725 857 798 eleemosynae,
872 726 938 797 quia

128 823 212 895 ipsae
234 823 334 881 levant
351 825 503 881 ‘anima'sa
531 823 661 882 sordibus
691 824 865 896 peecatorum
882 821 936 900 (2).

128 921 270 980 Homines
284 924 357 980 enim
370 923 464 981 omnia
480 922 611 994 perdunt,
627 939 698 994 quae
719 924 745 979 in
761 921 812 981 hoo
827 922 938 980 saeculo

132 1020 431 1093 relinquunt3⁴eeoum
454 1023 548 1078 tamen
568 1021 689 1093 'portant
714 1021 844 1078 caritatis
865 1037 938 1078 mer-

130 1119 225 1177 cedem
248 1120 277 1176 et
304 1120 504 1193 eleemosynas,
526 1136 597 1191 qnae
626 1119 760 1188 feserunt,
782 1119 938 1192 dequibus

132 1217 280 1275 manebunt
300 1235 317 1274 a
340 1218 459 1276 Domino
480 1218 635 1290 praemium
659 1219 686 1274 et
708 1218 823 1291 dignam
845 1235 937 1275 remu·

133 1317 318 1375 metationem.
823 1368 825 1373 .

214 1407 354 1473 Debemus
374 1416 460 1473 etiam
482 1416 607 1474 ieiunam
626 1415 654 1474 et
669 1414 813 1474 obstinere
828 1431 847 1473 o
862 1415 938 1472 vitiis

98 1584 100 1588 Ι
132 1515 162 1572 et
178 1514 365 1590 peoeotisi3)
386 1516 416 1572 et
436 1532 453 1571 a
474 1514 672 1587 superfluitate
692 1514 745 1572 eibi
765 1516 794 1572 et
809 1515 892 1586 potus
910 1515 939 1572 et

131 1630 194 1670 esse
208 1611 338 1671 catholici
351 1611 406 1690 (a).
420 1613 560 1671 Debemus
576 1614 660 1672 etiam
675 1613 806 1671 ecelesias
821 1613 938 1671 visitare

132 1712 347 1785 frequentaret
368 1714 489 1772 revereri
511 1714 637 1783 elericos,
660 1729 714 1771 non
739 1714 850 1770 tantum
874 1730 938 1785 pro·

134 1812 199 1883 pter
220 1828 277 1879 eoS,
298 1814 322 1869 si
344 1812 413 1869 sont
434 1812 603 1884 peccatores,
619 1812 666 1869 sed
685 1812 802 1884 propter
816 1811 936 1869 officium

130 1910 162 1967 et
181 1909 457 1969 administrationem
479 1911 650 1968 sanctissimi
675 1912 801 1982 eorporis
822 1911 851 1967 et
871 1928 937 1967 san·

130 2008 228 2081 guinis
251 2009 361 2068 Domini
383 2009 473 2067 nostri
495 2010 561 2067 Iesu
589 2008 705 2077 Christi,
728 2010 801 2081 quod
830 2008 936 2067 semifi-

131 2108 201 2164 eant
221 2108 249 2164 in
271 2107 357 2165 altari
379 2108 408 2165 et
429 2108 569 2181 recipiunt
590 2109 619 2164 et
639 2108 704 2165 aliis
725 2107 936 2165 administrant.

130 2205 173 2261 Et
202 2205 323 2263 firmiter
352 2208 473 2263 sciamus
506 2223 612 2274 omnes,
637 2207 702 2278 quia
734 2222 815 2264 nemo
845 2206 938 2277 potest

128 2304 241 2367 salvari
269 2305 324 2361 nisi
353 2320 411 2377 per.
430 2306 596 2378 sanguinem
621 2304 731 2363 Domini
759 2304 850 2363 nostri
871 2303 936 2362 Iesu

129 2401 242 2459 Christi
262 2403 291 2459 et
312 2419 362 2475 per
383 2404 483 2461 saneta
505 2402 590 2461 verba
608 2402 717 2461 Domini
731 2403 784 2476 (b),
800 2419 871 2475 quae
886 2403 937 2459 ele·

127 2502 183 2558 sisi
203 2500 302 2559 dieunt
322 2501 352 2558 et
371 2502 547 2559 annuntiant
567 2500 597 2559 et
617 2500 821 2559 administrant
839 2502 936 2573 stipsi

132 2600 186 2659 soli
207 2598 407 2657 administrare
428 2600 531 2657 debent
551 2600 581 2656 et
602 2616 657 2658 non
679 2600 737 2657 atii.
784 2649 786 2655 ,

193 2815 221 2887 ἠ
238 2830 286 2878 iae.
303 2831 328 2888 e,
348 2831 385 2876 ie.
645 2853 647 2859 .

195 2910 287 2970 Dicit.
306 2910 364 2957 eoo.
382 2910 406 2968 4,
424 2909 463 2956 ll.
674 2949 676 2951 .
721 2910 745 2968 3)
763 2909 835 2956 Eooli.
854 2910 876 2967 3,
896 2910 934 2956 32.
