2284 3425
93 286 97 294 ,
150 217 207 280 122
488 239 604 280 erutas.

147 427 268 496 laudem,
282 415 411 501 pierium
424 429 606 488 ettenorum
620 429 650 486 et
664 428 882 494 benedictionem
893 427 949 504 (1).

147 525 306 586 Laudemus
327 527 356 583 et
376 527 618 598 superexaltemus
640 543 701 584 eum
724 528 752 583 in
774 527 895 584 saecula.
941 566 943 574 ι

227 625 346 698 Dipnus
366 627 409 682 est
429 624 543 698 Apsus,
558 629 610 697 qui
625 626 735 684 occisus
754 627 804 694 esi,
820 625 949 698 accipere

110 723 282 780 'virtutem
296 726 323 780 et
337 724 520 781 divinitatem
530 727 557 781 et
569 725 747 796 sapientiam
761 727 789 781 et
797 721 948 793 fortitudi·
1032 757 1037 765 ·
1131 701 1132 724 ³

146 837 210 878 nem
224 826 250 878 el
265 822 403 878 honorem
423 824 451 879 et
468 822 598 895 plurium
616 825 642 882 et
657 821 881 880 benedictionem
892 818 948 899 (2).

147 919 307 976 Laudemus
326 920 355 977 et
376 920 619 992 superexaltemus
639 937 701 988 epm
724 921 752 976 in
774 919 895 981 saecula.

226 1017 428 1079 Benedicamus
436 1017 550 1076 Patrem
562 1019 591 1076 et
599 1018 701 1085 Filium
712 1035 774 1076 eum
784 1019 881 1077 sancte
889 1011 950 1089 S'pi·

145 1116 212 1174 ritu.
229 1117 388 1175 Laudemus
401 1119 430 1174 et
445 1118 688 1190 superexaltemus
705 1119 809 1175 eumin
826 1117 948 1176 saecula.

226 1215 392 1273 Benedicite
405 1217 507 1274 omniu
521 1233 610 1288 opera
623 1199 744 1274 Domini
757 1213 882 1274 Domino
891 1216 948 1291 (3)-

107 1301 110 1304 ’
146 1314 306 1372 Laudemus
325 1315 355 1372 et
376 1316 618 1387 superexaltemus
639 1331 702 1372 euru
724 1316 752 1371 in
775 1315 895 1372 saecula.

225 1411 359 1470 Laudem
380 1412 465 1470 dieite
486 1410 545 1471 Deo
566 1428 665 1471 omues
685 1413 760 1470 serui
779 1413 841 1470 eius
855 1413 947 1484 etqui

146 1511 253 1568 timetis
267 1511 372 1583 Deum,
383 1511 491 1582 pusilli
504 1514 531 1568 et
547 1512 651 1584 mupni
661 1510 716 1584 (4).
738 1510 897 1567 Laudemus
919 1510 947 1568 et

145 1609 388 1681 superexaltemus
410 1627 470 1666 eum
494 1611 522 1666 iu
545 1610 666 1666 saecula.

224 1707 354 1765 Laudent
375 1707 455 1765 illum
483 1708 638 1781 gloriosum
660 1708 728 1766 caeli
757 1713 787 1765 et
812 1709 888 1766 terra
917 1708 946 1765 et

144 1808 238 1865 einais
254 1811 400 1880 ereatura,
415 1824 489 1879 quae
504 1808 536 1873 ip
550 1808 629 1865 eaelo
643 1811 724 1866 estet
737 1810 945 1879 superterram
1011 1797 1016 1803 ’

143 1910 171 1964 et
181 1923 255 1979 quae
265 1906 369 1965 subtus
380 1909 497 1978 terram,
511 1923 587 1964 mare
598 1907 627 1963 et
638 1910 758 1978 quaein
769 1922 800 1963 eo
811 1909 880 1964 suut
890 1906 944 1979 (5).

142 2006 302 2063 Laudemus
323 2007 352 2063 et
373 2005 614 2077 superexaltemus
635 2022 698 2062 euru
720 2006 748 2061 in
770 2005 891 2069 saecula.

222 2104 319 2178 Gloria
340 2104 421 2161 Patri
442 2104 471 2160 et
484 2103 596 2161 Filioet
609 2103 726 2175 Spiritui
749 2102 855 2185 sancte.
872 2102 945 2165 Lau÷

141 2203 239 2261 demus
259 2204 288 2259 et
308 2203 551 2275 superexaltemus
571 2220 634 2260 eum
655 2202 683 2259 iu
706 2202 826 2259 saecula.

215 2302 299 2362 Sicut
320 2302 382 2359 erat
403 2302 431 2357 in
455 2302 592 2373 priueipio
610 2300 639 2357 et
659 2317 734 2357 nuere
748 2300 777 2357 et
791 2315 901 2371 semper
915 2299 945 2357 et
976 2294 983 2305 ’

141 2379 304 2458 insaecula
324 2400 509 2458 saeculorum.
531 2400 631 2457 Amen.
654 2399 812 2457 Laudemus
841 2400 869 2455 et
897 2415 953 2456 su·-

142 2499 348 2571 perexaltemus
369 2516 431 2556 eum
454 2499 482 2556 iu
505 2497 626 2556 saecula.

204 2748 226 2806 l)
244 2749 315 2807 dpue.
332 2748 414 2807 4,‚1l.
494 2773 502 2782 ‚

201 2828 226 2885 2)
245 2831 316 2887 Apes.
334 2830 358 2886 5,
378 2830 415 2874 12.
731 2827 754 2885 3)
773 2827 832 2872 Dan.
851 2826 874 2881 3,
891 2826 931 2871 57.

201 2909 225 2978 4)
243 2911 316 2968 dpec.
336 2909 374 2967 19,
391 2911 414 2956 5.
533 2949 541 2960 ,
687 2954 689 2961 ,
729 2908 753 2966 ὅ)
772 2908 843 2966 Apes.
861 2906 884 2965 5,
905 2906 942 2953 13.
