2284 3425
527 253 646 295 asopus.
840 225 844 230 ’
930 237 985 294 121

185 441 215 499 et
236 444 425 501 reverentiam
449 445 564 512 amoris,
586 461 669 517 quarn
690 426 728 501 ¹ad
749 458 801 501 nos
829 442 938 513 habuit,
961 444 990 500 ot

184 557 281 600 sorum
303 559 375 614 quaa
397 558 448 614 pro
469 543 549 601 nobis
570 542 650 611 dixit,
673 541 738 600 fecit
759 541 788 598 ot
809 542 937 600 sustulit.

266 640 309 698 Et
329 639 443 698 dimitte
462 641 546 699 notis
570 638 667 698 debita
691 647 811 699 nostra:
833 657 882 712 per
909 640 987 698 tuam

186 739 405 813 misericordiam
424 739 603 808 ineffabilem,
619 755 669 812 por
684 739 823 811 passionis
835 737 878 816 (o)
894 737 989 797 dilecti

185 837 251 895 Filii
273 838 315 895 tui
337 838 449 897 ¹Domini
471 839 561 897 nostri
583 839 649 896 Iosn
672 837 777 896 Christi
804 837 938 895 virtutem
960 837 989 894 et
1060 875 1064 882 ·

187 953 238 1010 per
259 937 438 995 beatissimae
458 939 566 995 Mariae
587 937 715 1020 Virginis
736 937 765 993 et
783 925 908 994 ¹omnium
933 936 989 994 ate-

185 1020 295 1094 ntorum
317 1036 430 1095 tuorum
453 1037 554 1094 merita
575 1036 604 1093 at
624 1036 861 1093 intercessionem.
928 1106 930 1110 .

263 1133 347 1193 Sient
366 1137 394 1191 et
412 1150 467 1192 nos
480 1130 658 1192 dimittinius
671 1132 849 1191 debitoribus
864 1133 989 1190 nostris:

185 1233 223 1301 ot,
245 1232 318 1306 qnod
344 1249 399 1291 non
423 1233 503 1305 pleno
530 1233 710 1299 dimittimus,
732 1232 773 1300 tu,
796 1230 989 1298 Domina-fao

185 1348 238 1391 nos
259 1332 341 1404 piano
361 1331 513 1397 dimittere,
535 1327 572 1388 ut'
589 1331 715 1388 inimicos
738 1329 896 1402 propterte
912 1346 989 1387 vera·

183 1431 254 1488 citor
273 1431 427 1504 diligamus
448 1428 478 1487 ot
499 1446 549 1501 pro
570 1430 611 1486 eis
632 1428 707 1501 apud
729 1428 757 1486 ta
778 1428 877 1487 devote
899 1429 1001 1486 inter·-

184 1529 326 1597 codamuS,
354 1529 427 1586 nulli
455 1529 560 1585 maium
594 1543 645 1600 pro
673 1527 747 1586 maio
780 1526 929 1585 reddamus
961 1527 989 1584 ot

183 1620 316 1690 omuibus
331 1627 374 1701 (t)
397 1628 425 1683 in
447 1627 476 1683 te
498 1625 629 1699 prodesse
651 1625 823 1686 studeamus

266 1728 310 1785 Et
328 1744 365 1784 ne
378 1743 432 1784 nos
446 1725 570 1784 inducas
585 1726 615 1782 in
630 1726 835 1783 tentationem:
849 1724 987 1784 occultam

185 1827 229 1883 rol
252 1824 441 1892 manifestam,
462 1824 585 1881 subitam
608 1824 653 1883 vol
674 1825 875 1895 importunam.

266 1922 325 1982 Sed
339 1923 431 1980 tibere
444 1940 498 1981 nos
512 1939 531 1979 a
545 1922 642 1980 maio:
664 1922 826 1993 praeterito,
847 1923 988 1994 praesenti

185 2022 214 2081 ot
235 2022 341 2080 tuturo.
363 2022 469 2079 Amen.

267 2120 364 2179 Gloria
385 2119 465 2176 Patri
488 2118 541 2175 etr.

267 2317 405 2389 Sanctus,
436 2319 565 2388 sanetas,
594 2317 714 2374 sanatus
742 2315 889 2385 Dominus
912 2313 991 2373 Dens

185 2412 376 2489 omnipotens,
398 2415 450 2487 qai
470 2417 512 2472 est
533 2418 560 2471 et
581 2416 632 2485 qni
653 2416 764 2471 enatet
785 2414 836 2485 oni
849 2416 990 2472 oentnrns

185 2519 230 2574 est
240 2514 295 2588 (1).
317 2513 476 2571 Laudemus
497 2513 527 2569 ot
547 2513 789 2583 superexaltamus
804 2528 865 2569 oum
882 2512 910 2568 in
933 2529 990 2568 sao·

185 2615 250 2672 outa
264 2612 319 2688 (2).

269 2712 387 2783 Dipnns
414 2726 453 2779 es,
482 2706 604 2765 Domine
626 2709 706 2766 Dens
734 2711 839 2780 noster,
863 2709 990 2780 occipere

716 2922 741 2980 2)
760 2920 811 2968 (tir.
829 2922 889 2968 Dan.
908 2924 932 2986 3,
949 2923 988 2969 57.
