2284 3425
456 230 545 271 curun
567 230 607 273 ru.
747 255 749 258 -
896 212 936 269 29

210 418 249 477 Et
271 420 401 478 similiter
423 436 519 479 omues
541 420 646 478 fratres
668 421 793 478 ieiuueut
821 438 838 477 a
865 420 937 479 festo

129 519 254 575 omnium
283 520 445 577 sauctorum
468 520 612 592 usquead
635 519 741 577 Nataio
769 519 880 577 Domini
909 520 938 576 et

128 616 167 672 ab
180 616 352 689 Epiphania,
367 618 479 690 quaudo
496 618 632 676 Dominus
647 618 743 676 noster
758 618 840 675 Iesus
856 616 937 674 Chri·
974 681 990 688 Ι

128 716 193 773 stus
214 717 320 789 incepit
341 717 474 784 ieiunare,
496 734 585 789 usque
606 718 641 774 ad
665 702 788 789 Pascha;
811 717 876 773 aliis
891 733 937 773 au·

128 814 189 870 tom
209 814 385 887 temporibus
406 831 461 873 non
478 816 631 873 terreantur
646 815 797 873 seeundum
811 813 884 883 hanc
897 816 938 870 vi·

128 912 191 969 tum
212 914 268 969 nisi
289 914 370 971 sexta
392 913 461 971 ferio
483 915 615 972 ieiunare.
638 914 676 971 Et
696 913 781 971 liceat
800 914 840 969 eis
854 930 939 969 uocu-

127 1009 238 1067 ducuue
265 1011 298 1067 du
326 1012 456 1069 omuibus
484 1012 562 1084 cibis,
592 1012 643 1083 qui
670 1012 860 1085 opponuntur
887 1010 937 1081 eis,

128 1108 284 1165 secuudum
306 1108 491 1182 Evangeiium
506 1108 568 1183 (1)..

215 1313 265 1371 lV.
291 1346 325 1355 -
348 1311 389 1371 Do
411 1310 546 1371 ministris
567 1318 598 1370 et
617 1310 681 1371 eliis
702 1310 847 1384 frutribus,

372 1409 492 1487 qualitor
513 1407 687 1469 ordinentur.

138 1586 150 1655 ¹,
211 1597 245 1656 In
268 1600 379 1657 nomine
402 1598 512 1657 Domini
535 1616 631 1657 omnes
646 1598 759 1666 fratres,
775 1600 822 1671 qui
836 1601 939 1659 cousti-

126 1696 254 1754 tunntur
285 1697 415 1779 ministri
437 1698 466 1755 et
494 1698 567 1755 servi
597 1697 716 1756 aliorum
749 1697 880 1767 fratrum,
909 1702 937 1756 in

128 1796 283 1868 provinciis
304 1796 334 1854 ct
354 1797 382 1852 iu
405 1796 482 1862 iocis,
498 1796 525 1852 iu
548 1795 650 1868 quibus
672 1796 786 1863 fuerint,
802 1788 939 1856 collocent

127 1911 196 1952 snos
214 1894 333 1962 iratres,
355 1910 424 1967 qnos
447 1911 530 1966 saepe
552 1894 671 1952 visitent
692 1895 722 1951 et
748 1895 938 1966 spiritualiter

127 1993 264 2050 moueant
284 1994 313 2050 et
333 1992 503 2051 confortent.
525 1992 563 2048 Et
584 2009 680 2050 onmes
699 1993 748 2049 aiii
765 1993 869 2050 fratres
883 1997 937 2051 mei

127 2091 266 2149 benedicti
288 2091 440 2164 diiigenter
461 2091 594 2149 obediunt
615 2092 655 2148 eis
676 2093 705 2148 iu
727 2090 771 2148 his
793 2109 864 2164 qnae
878 2110 939 2164 spe·

126 2191 210 2248 etant
230 2189 267 2246 ad
288 2189 410 2248 sulutem
431 2191 541 2247 animae
563 2189 592 2246 et
613 2206 668 2248 non
698 2190 766 2257 sunt
794 2185 942 2249 contrariu

126 2290 205 2346 vitae
227 2287 352 2348 nostrae.
375 2289 413 2346 Et
435 2288 541 2346 faciunt
562 2289 637 2346 iuter
655 2305 694 2357 se,
710 2288 783 2346 siout
804 2291 871 2348 dicit
887 2289 938 2348 Do-

127 2387 224 2444 minus
232 2385 293 2462 (2):
308 2385 511 2460 Quaecumque
523 2385 621 2453 uultis,
633 2389 667 2443 ut
677 2385 792 2456 faciunt
803 2388 883 2446 uobis
891 2387 939 2445 iro·

125 2485 229 2552 mincs
245 2487 272 2540 ct
285 2500 335 2541 uos
346 2482 434 2552 focile
449 2484 527 2554 uictu
541 2485 569 2540 et
579 2484 636 2557 (tiit
658 2484 742 2559 ouon
753 2485 805 2542 tibi
820 2503 880 2542 uon
894 2487 938 2542 cis

124 2583 193 2654 fieri
214 2599 274 2638 uon
294 2580 391 2650 focius
417 2582 514 2639 ctiori.
537 2583 575 2638 Et
602 2583 784 2640 recordentur
813 2585 936 2642 ministri

126 2727 293 2740 ,........-...-.-.

111 2843 115 2850 .
192 2813 216 2871 ¹)
236 2813 292 2858 cue.
314 2813 351 2870 ru,
370 2813 393 2861 e.

190 2893 217 2952 e)
236 2891 324 2940 uauu.
344 2895 365 2951 r,
388 2893 424 2939 re.
662 2952 664 2957 ¹
733 2895 756 2949 3)
775 2895 832 2941 uon.
849 2895 874 2952 4,
895 2895 935 2941 ro.
