2284 3425
310 280 386 325 xxiv.
406 279 442 323 on
463 278 537 325 rnen
559 279 747 324 nonnnrnon.
895 262 930 323 17

128 384 418 397 n—-a--ma--w

124 474 274 531 humiliter
291 474 415 532 sustinet
434 476 628 532 verecundiam
644 477 673 533 et
688 474 931 548 reprehensionem

124 574 158 631 de
182 573 306 645 peccato,
328 572 375 630 uti
397 590 452 631 non
475 574 615 632 commisit
635 575 758 657 culpem.

248 775 353 847 XXIV.
378 813 408 820 -
424 777 478 850 ¹De
499 796 565 837 nero
585 776 771 854 hnmilitate(
792 780 814 853 ).

207 930 314 1024 Beatos
335 967 383 1027 ille
398 965 451 1041 (b),
473 967 521 1039 qui
542 967 584 1023 ita
610 967 757 1024 inventos,
770 966 856 1024 iuerit
883 966 931 1024 hu·

124 1064 203 1121 milis
231 1064 306 1122 inter
334 1064 462 1124 subditos
494 1081 569 1133 sune,
599 1065 680 1122 sicuti
714 1065 826 1144 quando
849 1067 933 1123 esset

124 1161 200 1220 inter
222 1161 350 1221 domino.
378 1180 453 1221 suos.
480 1164 586 1221 Beatus
615 1181 723 1231 serron,
746 1166 793 1237 qni
822 1181 958 1237 semper·

1 1271 8 1277 ’
125 1260 275 1333 permanet
303 1264 355 1319 sot
387 1263 468 1334 virga
499 1263 690 1321 correctionis.
719 1262 840 1321 'Fidelis
871 1280 933 1320 ser-

4 1340 20 1353 ”
123 1375 178 1417 ooo
199 1362 227 1416 et
244 1359 375 1431 prodens
391 1360 435 1434 (1)
457 1360 509 1433 est,
532 1359 628 1433 quiin
659 1361 788 1420 omnibus
809 1362 869 1418 sois
890 1363 932 1429 oi-

123 1458 214 1516 sensis
234 1474 290 1517 non
311 1447 409 1516 tardat
430 1459 550 1517 interius
577 1460 677 1532 punire
692 1457 804 1536 (oi'per
830 1460 933 1518 contri·

1 1578 7 1581 ·
124 1554 231 1611 tionem
252 1554 281 1611 et
302 1556 424 1615 exterius
448 1572 496 1627 per
517 1556 718 1614 confessionem
740 1556 769 1613 et
783 1558 876 1629 operis
890 1574 932 1614 sn·

124 1651 325 1715 tisiaotionom.
360 1682 362 1688 ·

241 1839 244 1845 '
286 1856 375 1918 xxv.
402 1893 437 1901 -
459 1857 500 1918 no
521 1877 587 1918 vera
608 1857 767 1920 orroeon.

206 2046 312 2104 Beatus
334 2048 380 2104 iilo
404 2047 491 2105 frater
507 2033 563 2126 (d),
586 2049 633 2120 qni
660 2049 772 2105 tanturn
801 2049 932 2121 diligeret

124 2145 241 2202 fratrem
269 2160 349 2203 suurn
379 2145 532 2212 infirmnm,
561 2147 685 2217 quinon
716 2146 810 2218 potest
837 2148 861 2203 ei
890 2164 933 2205 sa·

2 2248 6 2270 ³
123 2243 422 2316 tisfaoere‚.quanturn
452 2243 546 2316 diligit
573 2260 683 2310 sarnum,
705 2246 752 2316 qni
783 2246 879 2317 potest
907 2248 932 2303 oi

123 2341 287 2399 satisfacere
303 2342 351 2415 (e).
374 2342 479 2398 Beatus
503 2341 591 2399 frater
606 2342 655 2416 (t),
677 2345 723 2414 qni
747 2343 859 2401 tanturn
889 2345 933 2401 di-

124 2440 226 2512 ligeret
246 2439 275 2498 et
296 2441 410 2498 tinrorot
426 2440 541 2497 fratrem
563 2458 655 2507 suum,
674 2458 736 2498 onon
758 2443 834 2498 esset
847 2444 932 2515 longe

124 2538 160 2594 ab
181 2540 252 2610 ipso,
268 2539 350 2596 sicuti
365 2539 478 2610 qrrando
499 2540 574 2596 esset
595 2556 656 2596 enm
679 2555 720 2606 eo,
742 2540 771 2596 et
791 2557 847 2597 non
863 2542 955 2598 dieo·

124 2635 169 2693 ret
188 2635 222 2694 do
243 2652 275 2694 oo
295 2637 402 2708 aliquid
426 2629 490 2708 post
511 2639 614 2709 ipsum,
630 2639 703 2711 qnod
725 2656 787 2695 enin
810 2640 932 2696 caritate

124 2749 180 2791 non
202 2735 298 2807 posset
318 2735 408 2793 ilicone
430 2751 522 2793 corenn
546 2737 618 2808 ipso.

127 2867 286 2876 --———a..

190 2946 213 3004 ι)
231 2928 318 2994 naen.
338 2947 377 3004 24,
395 2947 434 2992 45.
