2284 3425
993 3 1054 63 Ἰ

285 166 342 224 138
469 183 604 224 onnon!
623 181 767 226 insomnis
786 182 896 224 nonme.

354 441 400 502 Ad
419 442 590 502 iiotntinnm
610 441 763 503 domininon
783 443 1012 503 Ronnrroofionin.

362 633 435 690 Ani.
456 633 562 690 Sancta
582 633 685 690 Maria.

608 785 759 843 Psalmom.

363 917 484 974 Caniate
505 917 625 976 Domino
644 921 785 976 mntienm
807 936 927 977 nonum:
948 919 1018 989 qnia
1042 917 1091 977 mi·

284 1016 387 1074 rabilia
408 1016 482 1074 fecii.

362 1115 556 1172 Sanctifioavit
583 1116 673 1174 iiiinm
702 1133 785 1173 sunm
812 1116 928 1174 dextera
954 1117 1033 1172 eins:
1060 1116 1089 1173 oi

283 1213 427 1272 brachium
450 1215 580 1272 sanetum
601 1217 671 1272 eine

362 1313 389 1370 N
392 1314 468 1388 oinm
492 1313 558 1371 fecii
573 1314 710 1372 Dominus
724 1314 852 1372 salutare
865 1329 964 1375 enom:
980 1315 1009 1370 in
1024 1330 1086 1371 oon·

283 1413 380 1484 speetu
402 1412 528 1484 gentium
552 1414 690 1470 revelavit
710 1413 850 1470 iustitiam
872 1427 964 1470 enam,

362 1510 397 1567 In
419 1511 470 1567 iila
490 1511 534 1567 dio
553 1511 700 1568 mandavit
714 1511 852 1569 Dominus
867 1509 1084 1568 misericordiam

283 1626 379 1667 snam:
401 1609 430 1666 ei
451 1609 531 1666 nocie
552 1610 693 1667 canticum
715 1612 783 1668 eins.

362 1707 439 1765 Haec
460 1708 504 1765 esi
523 1707 593 1777 dies,
608 1726 692 1781 qnam
715 1709 781 1768 iecit
795 1709 947 1768 Dominus:
961 1708 1084 1767 ensuite

283 1823 346 1863 mus
367 1807 396 1864 et
415 1792 554 1864 laeiemnr
575 1809 603 1864 in
626 1825 668 1865 ea.

362 1905 530 1964 Benedictus
565 1907 613 1979 qni
648 1908 726 1964 venit
752 1909 780 1964 in
815 1907 926 1966 nomine
954 1905 1081 1965 Domini:

284 2004 359 2062 Deus
381 2004 526 2073 Dominus,
548 2008 578 2062 et
598 2007 694 2064 illuxit
714 2007 803 2065 nobis.
825 2036 828 2044 ·

363 2104 518 2161 Laeteninr
539 2105 618 2171 coeii,
644 2105 674 2162 ei
698 2105 823 2162 exsuliet
846 2105 939 2173 ierra3
963 2119 1081 2162 commo-

284 2203 384 2260 veatur
406 2220 482 2259 mare
503 2204 532 2259 et
553 2203 700 2275 plenitudo
721 2205 795 2260 eins:
813 2203 978 2276 gaudebunt
991 2204 1079 2275 campi

283 2301 313 2359 ei
332 2302 435 2368 omnia,
456 2317 527 2374 qnae
549 2302 577 2357 in
598 2303 639 2360 eis
660 2282 759 2359 sumis
816 2300 819 2307 '

364 2397 471 2455 Afferie
494 2398 612 2458 Domino
634 2400 744 2471 patriae
763 2400 900 2472 gentium,
915 2398 1013 2475 oiierie
1029 2399 1077 2459 Do·

283 2497 358 2555 mino
378 2497 498 2569 gloriam
521 2498 550 2555 ei
577 2498 725 2557 honorem:
755 2498 854 2557 asterio
881 2498 998 2557 Domino
1024 2500 1077 2573 gio

283 2597 355 2654 riam
377 2597 483 2655 nomini
504 2598 575 2654 eius.

354 2756 443 2823 Usque
474 2759 526 2811 huc
557 2758 653 2812 dieitur
678 2773 692 2810 a
723 2759 855 2811 dominico
879 2760 1074 2818 Reomreoonns

285 2860 368 2913 nsque
387 2846 419 2897 ad
441 2848 534 2899 fesium
555 2848 723 2900 incensionis
740 2848 858 2915 quotidie
876 2848 909 2901 nd
929 2852 1073 2903 omnesne
