2284 3425
209 199 264 326 {2v
387 284 415 305 ὴ
502 227 721 277 reucurrrouus'.
828 281 835 291 ‚.

208 476 260 537 XI.
280 510 316 519 —
332 476 409 551 Quod
431 496 511 536 nomo
525 484 715 555 corrumpatur
735 430 807 537 uralo
828 476 969 553 alteriue(
990 480 1011 553 ).
1061 451 1063 456 Ι

288 632 373 689 Servo
392 618 446 689 ¹Dci
468 632 548 689 uuila
569 648 615 689 res
634 631 782 705 displicere
802 632 885 690 dehet
899 633 1012 705 practer

208 732 363 802 peccatum.
392 730 430 787 Et
457 746 639 804 quocumque·
659 731 740 789 modo
767 720 863 804 aliqua
892 748 1012 803 persona

206 830 346 902 peccaret,
369 829 397 887 ct
419 831 541 911 propter
558 830 610 888 hoo
632 846 731 887 servus
752 830 812 898 Dei,
828 831 883 887 nisi
897 847 929 887 cx
943 832 1012 887 cari·

208 928 277 996 tate,
307 928 473 986 turbaretur
503 928 532 985 et
560 927 731 986 irasceretur
753 928 1013 1002 (b),.thcsouricat

97 1047 104 1057 ·
206 1026 265 1085 sibi
285 1026 398 1099 culpam
412 1026 465 1103 (1).
478 1027 532 1106 Ilio
547 1044 648 1085 servus
664 1026 723 1095 Dei,
738 1028 785 1099 qui
801 1044 856 1085 uon
878 1026 1011 1084 irascitur

207 1141 296 1198 ireque
317 1125 470 1184 conturbat
492 1142 520 1183 se
542 1142 594 1199 pro
614 1126 718 1198 aliquo,
735 1125 808 1183 rcctc
824 1126 895 1182 vivit
909 1125 937 1183 ct
951 1126 1011 1182 sine

197 1208 321 1295 ¹peccato
337 1222 386 1298 (c).
402 1224 441 1281 Et
463 1224 562 1281 beatus
584 1224 638 1293 est,
665 1225 712 1298 qui
742 1222 795 1282 nun
825 1225 930 1281 retinet
958 1223 1010 1281 sibi

207 1322 318 1398 aliquid¹
336 1322 458 1381 reddens
486 1340 561 1395 quac
589 1327 659 1381 soant
685 1325 814 1383 caesoris
844 1323 959 1381 caesari
985 1325 1012 1379 ci

208 1436 282 1492 quae
302 1424 371 1479 scat
393 1422 451 1478 Dci
471 1419 557 1494 Deo(
580 1420 600 1495 ).

274 1604 342 1666 XII.
367 1640 403 1650 -
425 1606 466 1665 De
488 1604 677 1684 cognoscendo
698 1606 797 1684 spiritu
817 1575 938 1667 Domini.

244 1745 256 1760 ”
288 1761 332 1818 Sic
347 1761 441 1832 potest
454 1761 583 1843 cognosci
595 1761 749 1835 (absai-vus
766 1761 825 1834 Dei,
840 1763 862 1818 si
878 1761 964 1820 habet
977 1764 1011 1820 de

208 1859 310 1931 spiritu
334 1859 399 1917 Dei:
422 1876 484 1918 cum
512 1859 651 1917 Dominus
678 1861 813 1932 operatur
842 1877 891 1933 per
918 1857 1010 1935 ipsum

207 1957 321 2030 aliquod
345 1957 458 2026 bonum,
474 1958 497 2014 si
519 1974 585 2016 caro
606 1959 666 2016 eius
687 1975 743 2016 non
765 1959 830 2016 inde
843 1976 872 2016 se
892 1960 1011 2028 exaltat,

208 2056 275 2129 quia
297 2074 407 2130 semper
428 2057 472 2115 est
493 2057 636 2115 contraria
657 2058 733 2116 omni
754 2057 835 2126 bono,
851 2058 899 2116 sed
914 2059 937 2115 si
952 2075 1012 2115 ma-

206 2156 251 2227 gis
272 2155 339 2213 ante
360 2156 455 2214 ocutos
477 2147 594 2213 sucs'se
621 2155 707 2213 habet
728 2157 854 2214 viliorem
876 2157 906 2213 ct
926 2158 1012 2219 omui·

208 2252 260 2311 bus
281 2254 345 2310 aliis
366 2253 527 2312 hominibus
549 2271 578 2310 so
600 2255 735 2312 minorem
756 2254 900 2312 oristInrat
914 2254 964 2331 (c).

418 2435 501 2496 XIII.
526 2473 565 2482 -
586 2438 628 2498 Do
649 2439 795 2517 patientia.

288 2590 353 2648 Nori
376 2590 471 2662 potest
499 2593 627 2664 cognosci
657 2609 756 2650 scrvus
786 2594 845 2661 Dei,
873 2596 1010 2672 quautam
1128 2640 1130 2675 3

207 2688 312 2745 habeat
333 2688 501 2761 patientiam
522 2689 551 2748 et
573 2690 761 2749 humilitatem
784 2694 812 2749 iu
834 2710 872 2761 sa,
887 2693 953 2752 dum
969 2712 1012 2752 sa-

272 2901 294 2961 1)
314 2901 363 2951 cu.
382 2903 449 2950 raoni.
467 2904 491 2961 a,
508 2904 532 2952 a.
761 2906 785 2964 a)
804 2907 894 2954 uasto.
913 2874 952 2966 aa]
970 2909 1009 2956 ar.
1128 2899 1130 2983 j
