2284 3425
191 190 228 246 78
310 205 523 248 TESTAMENTUM
545 208 568 248 S.
591 207 693 248 Pnrms
713 207 867 249 ronnolsm.
939 207 944 214 '

188 393 312 454 Domine
332 395 402 453 Iesu
440 394 562 466 Christe,
579 395 626 453 ln'c
637 394 681 473 (o)
703 398 731 453 et
744 396 785 453 od
797 412 895 454 omncs
908 395 992 454 eccle·

188 493 250 552 sios
271 495 348 565 ieros,
369 510 444 565 quac
465 496 535 552 suni
555 493 586 550 in
609 496 668 551 tolo
688 494 807 567 mnodo,
829 497 857 552 et
878 493 991 552 bencdi-

189 592 282 650 cimos
304 591 366 664 tibi,
388 593 460 665 quio
480 608 532 664 per
552 595 687 650 sanctam
705 609 817 658 crucem
832 595 913 650 lnam
927 592 992 650 recl·

189 690 285 748 emisti
304 691 456 750 mondum.

269 788 372 847 Postea
394 788 531 847 Dominus
552 788 630 846 dodli
650 789 719 847 mihi
745 788 774 847 ei
801 789 852 846 dal
879 789 990 846 tantam

189 887 270 944 fidem
293 888 321 944 in
343 887 546 974 sacerdotiboS,
568 889 614 960 qni
638 888 739 945 vivunt
765 887 916 946 secundnm
938 886 993 952 for·

189 1003 263 1043 mam
285 986 401 1043 sanciae
422 1002 555 1044 romanae
573 986 713 1044 Ecclesiae
735 987 853 1058 propior
866 986 992 1043 ordinem

189 1084 325 1155 ipsorum,
346 1084 429 1156 qnod,
458 1085 482 1141 si
510 1084 636 1142 iacerent
664 1083 732 1141 mihi
760 1085 992 1156 persecutionem,

189 1182 252 1241 volo
274 1199 417 1241 recurrere
438 1183 474 1240 ad
495 1183 582 1255 ipsos,
604 1181 651 1256 El,
674 1184 697 1240 si
726 1181 856 1241 haberem
880 1184 992 1240 taniam

189 1281 369 1353 sapientiam,
391 1280 528 1353 queniam
550 1281 680 1340 Salomon
703 1280 812 1350 habuit,
835 1281 864 1338 el
884 1282 994 1338 inveni·
1027 1304 1030 1309 ·

189 1397 246 1437 rem
271 1380 457 1452 pauperculos
478 1378 637 1438 sacerdotes
659 1379 743 1436 huius
764 1380 878 1448 saecoli,
892 1380 920 1438 in
943 1393 993 1452 pe·

123 1491 125 1495 ·
190 1477 303 1545 rochis,
324 1480 352 1535 in
375 1477 478 1550 quibus
494 1472 535 1551 (ol
562 1477 720 1546 moraniur,
742 1478 806 1536 nolo
832 1478 993 1560 praedicare

189 1577 267 1634 nlira
282 1575 457 1634 volunlatem
474 1577 610 1648 ipsorum.
625 1575 663 1633 Er
676 1578 755 1648 ipsos
769 1575 801 1634 oi
812 1593 907 1635 omnes
921 1577 993 1634 alios
1009 1605 1012 1610 ·
1044 1595 1048 1604 ·

190 1677 252 1734 volo
273 1674 381 1745 timere,
402 1692 498 1733 amaro
518 1674 548 1732 el
575 1673 714 1733 honorare
743 1674 817 1733 sicui
844 1691 920 1734 meos
946 1674 993 1734 do·

139 1795 141 1800 ·
175 1770 296 1844 ¹minos;
316 1773 344 1831 el
358 1774 423 1832 nolo
437 1775 465 1830 in
481 1774 552 1845 ipsis
565 1773 743 1831 considerare
757 1773 912 1845 peccalum,
927 1774 994 1845 quio

189 1873 293 1947 Filium
309 1872 358 1929 Dei
374 1871 501 1930 discerno
522 1872 550 1928 in
566 1872 645 1944 losio,
667 1871 696 1928 el
716 1871 820 1929 domini
843 1872 895 1929 mei
914 1871 993 1928 suni

189 1970 228 2027 Ei
249 1970 366 2042 propior
387 1969 438 2028 hoo
460 1970 540 2037 facio,
562 1970 629 2042 quio
650 1968 721 2028 nihil
743 1969 822 2028 video
842 1969 994 2041 corporali·

191 2070 234 2126 ier
255 2071 283 2126 in
305 2068 356 2126 hoc
383 2068 495 2131 soeculo
522 2049 645 2140 de'ipso
673 2068 813 2125 altissimo
841 2068 913 2125 Filio
941 2066 992 2137 Dei

189 2168 243 2224 nisi
253 2215 256 2219 .
266 2166 475 2224 sanctissimum
490 2182 594 2239 corpus
615 2168 644 2224 el
656 2163 695 2239 (c)
718 2167 886 2238 sanguinem
900 2170 993 2233 suum,

189 2266 262 2338 qnod
283 2266 336 2337 ipsi
353 2266 493 2337 recipiunt
514 2265 543 2322 el
564 2266 618 2337 ipsi
634 2265 685 2323 soli
700 2264 765 2321 aliis
779 2264 991 2322 administrant.

187 2363 227 2421 El
248 2363 316 2421 haec
337 2364 517 2420 sanctissima
539 2364 677 2436 mysterio
703 2360 902 2434 superomnia
931 2344 995 2422 volo

188 2462 321 2520 honorari
331 2461 385 2537 (d),
398 2462 526 2519 venerari
541 2462 570 2520 ei
584 2463 612 2518 in
628 2462 696 2519 locis
709 2462 845 2533 pretiosis·
852 2462 994 2521 collocari.

188 2556 373 2618 Sanctissima
392 2562 507 2618 nomina
521 2562 549 2618 ei
564 2560 650 2619 verba
664 2562 725 2618 eius
738 2562 857 2635 scripio,
871 2561 994 2620 ubicum-

188 2675 242 2731 que
256 2660 392 2716 lnvenero'
401 2660 429 2716 in
441 2659 510 2717 locis
521 2659 638 2727 illicitis,
651 2659 714 2717 volo
729 2659 860 2732 colligere
875 2659 904 2716 ei
915 2675 993 2732 rogo,

188 2757 261 2829 qnod
282 2756 456 2829 colligantur
477 2756 555 2814 elin
577 2758 637 2815 loco
664 2756 782 2815 honesto
809 2756 993 2816 collocenlur.

189 2855 228 2913 nt
248 2872 345 2913 omnes
364 2856 510 2928 theologos
524 2854 554 2913 el
567 2857 615 2928 qui
631 2855 798 2914 ministrant
813 2854 993 2914 sanctissimo
