2284 3425
542 234 654 277 REGULA
677 235 696 276 Ι.

182 421 184 425 ’
246 436 249 441 ’
301 424 339 481 m
360 442 456 482 secure
477 425 642 483 manifestet
663 435 737 483 uirus
762 426 846 483 altari
868 427 1024 483 necessita·
1047 421 1054 432 '

220 524 276 581 tem
293 533 383 592 suani,
397 525 430 581 at
445 524 497 581 sibi
514 524 672 593 necessaria
686 524 813 581 inueniat
827 524 856 581 et
871 524 1024 582 ministret.

221 622 259 678 Et
279 622 398 695 quilibet
418 622 520 695 diligat
540 621 569 680 et
584 622 695 679 nutriat
710 622 826 681 fratrem
842 639 935 695 suum,
950 623 1025 679 sicut

220 720 311 777 mater
332 721 426 793 diligit
451 720 480 778 et
501 722 594 778 nutrit
622 720 710 778 filiurn
741 738 833 793 suum,
862 721 891 778 in
920 721 1025 793 quibus

220 818 296 876 Deus
311 820 351 877 eis
364 819 487 892 gratiam
503 820 652 892 largietur.
668 818 706 876 Et
720 821 772 891 qni
788 821 951 877 manducat
965 836 1024 877 non

220 918 443 976 manducante-na
456 935 516 976 non
536 920 668 989 spernat,
688 921 715 975 ct
729 918 781 989 qni
791 934 849 975 nen
864 918 1025 976 manducat

219 1016 445 1073 manducantem
466 1033 527 1074 non
549 1016 655 1073 indicet
669 1013 725 1093 (1).
740 1016 779 1073 Et
792 1016 1024 1090 quandocumque

221 1115 374 1173 necessitas
396 1116 600 1187 supervenerit,
615 1115 700 1173 liceat
720 1116 861 1173 universis
875 1114 1023 1188 fratribus,

221 1212 387 1286 ubicumque
409 1212 523 1281 fuerint,
545 1214 587 1271 uti
610 1212 740 1271 omnibus
760 1214 839 1282 cibis,
861 1230 931 1287 quos
961 1229 1023 1285 pos-

221 1310 290 1368 sant
310 1311 436 1369 homiues
459 1312 637 1379 manducare,
659 1312 732 1369 sicut
747 1311 885 1386 Dominus
904 1299 1024 1370 dioitde

146 1410 153 1415 “
222 1409 312 1466 David
325 1408 380 1485 (2),
402 1412 449 1483 qui
471 1411 591 1469 conrodit
609 1426 701 1481 panes
710 1411 935 1483 propositionis,
951 1428 1024 1483 qaas

221 1526 279 1565 non
302 1508 405 1565 licebat
425 1510 616 1582 manducare,
629 1508 690 1567 nisi
708 1508 916 1567 sacerdotibus.
931 1509 969 1565 m
984 1528 1023 1567 re·

221 1606 381 1675 condentur,
396 1608 469 1680 quod
485 1608 552 1666 dicit
568 1608 705 1666 Dominus
721 1607 782 1683 (3);
804 1607 953 1666 Attendite
974 1625 1023 1665 an-

223 1707 277 1764 tem
291 1706 379 1779 actis,
395 1724 430 1764 ne
443 1704 689 1782 fcrtepraoentar
702 1708 900 1766 cordavestra
915 1708 946 1764 in
960 1724 1024 1766 cra·

220 1805 294 1875 pala
313 1808 340 1862 et
361 1806 496 1863 ebrietate
516 1810 542 1864 ei
563 1808 643 1866 cruris
665 1807 753 1864 linias
768 1807 854 1879 citae,
876 1809 903 1863 et
922 1822 1023 1877 snper-

221 1904 319 1960 oeniut
328 1903 408 1961 nobis
419 1905 573 1977 repentina
584 1905 646 1963 ciics
658 1904 729 1976 titan
738 1909 888 1977 tamquam
900 1904 1023 1977 laquens

220 2002 296 2058 enirn
310 2004 490 2073 superveniet
507 2004 539 2059 in
554 2019 662 2075 omnes,
678 2004 730 2075 qni
751 2005 849 2062 seciani
868 2020 956 2075 snper·
977 2002 1022 2072 fa·

222 2101 293 2157 ciem
308 2101 386 2158 orbis
409 2105 510 2160 terrae.
526 2101 661 2159 Similiter
682 2102 767 2158 etiam
789 2103 915 2174 tempore
936 2104 1023 2160 mani·

221 2197 310 2255 festae
325 2200 501 2256 necessitatis
522 2200 630 2257 farciant
650 2216 746 2257 ornnes
761 2200 865 2258 fratres
879 2200 912 2257 de
926 2217 1021 2258 eorum

222 2298 395 2364 necessariis,
418 2298 491 2356 sicut
511 2299 551 2355 eis
574 2298 710 2356 Dominus
730 2299 853 2370 gratiam
874 2298 1021 2371 largietur,

221 2396 287 2467 quia
308 2397 461 2453 necessitas
483 2413 538 2454 non
560 2395 647 2454 habet
668 2398 767 2470 legem.

288 2744 308 2796 ll
328 2744 393 2789 Rom.
414 2743 450 2800 14,
470 2746 484 2788 :l

285 2826 309 2882 2)
328 2825 402 2870 Mure.
419 2824 442 2880 2,
461 2825 499 2870 26.

286 2906 309 2962 3)
330 2905 383 2951 Luc.
401 2905 440 2962 21,
459 2905 496 2951 34.
515 2907 539 2950 et
557 2905 595 2952 35.
