2284 3425
548 221 660 263 nonnul
680 222 713 262 11.

235 518 276 576 II.
299 551 335 558 —
357 516 399 575 De
420 515 463 574 his
475 515 533 592 ‚qui
554 514 653 574 volunt
672 514 759 574 vitam
779 515 862 574 istam
882 511 1015 591 accipere,

415 621 444 673 et
464 613 584 690 qualiter
604 613 689 691 recipi
710 611 840 673 debeant.

307 803 334 860 Si
356 804 404 876 qui
425 802 568 860 voluerint
589 801 662 860 hano
684 803 771 860 uitam
793 802 915 874 accipere
936 801 965 858 et
979 816 1029 857 ve·

227 902 323 958 neriut
343 901 379 958 ad
401 900 506 958 fratres
532 899 655 968 nostros,
678 900 797 958 mittant
824 916 871 958 eos
898 899 932 958 ad
960 915 1029 960 suos

226 998 373 1060 ministros
395 999 590 1071 provinciales,
606 999 708 1073 quibus
730 997 901 1057 solummodo
920 999 949 1055 et
969 1012 1026 1054 nou

226 1097 291 1155 aliis
312 1097 461 1170 recipiendi
483 1097 589 1154 iratres
609 1097 725 1154 licentia
744 1097 922 1155 concedatur.
943 1095 1028 1152 Mini-
1072 1083 1074 1086 ’

226 1197 280 1254 stri
301 1213 367 1254 uero
387 1197 539 1269 diligenter
560 1179 722 1254 examinent
742 1212 789 1254 eos
807 1196 840 1253 de
856 1195 908 1252 lide
928 1193 1029 1252 catho-

225 1295 280 1352 lica
294 1295 323 1352 et
337 1294 534 1352 ecclesiasticis
549 1294 746 1352 sacramentis.
760 1293 799 1350 Et
814 1295 836 1351 si
851 1293 1029 1352 haecomnia

225 1393 343 1451 credant
363 1394 392 1450 et
413 1394 503 1450 velint
533 1410 566 1450 ea
588 1392 710 1451 fideliter
733 1391 861 1451 confiteri
882 1392 911 1449 et
937 1408 1028 1465 usqne

226 1493 254 1548 in
275 1491 371 1557 linem,
381 1491 502 1549 firmiter
523 1492 673 1550 observare
688 1492 718 1548 et
731 1507 832 1549 uxores
850 1507 904 1549 nou
919 1490 1029 1548 habent

226 1591 280 1658 rel,
302 1592 325 1648 si
347 1590 462 1659 habent,
484 1591 514 1648 et
541 1593 596 1648 iam
624 1591 826 1649 monasterium
854 1589 1029 1647 intrauerint

225 1705 326 1748 uxores
341 1689 385 1747 rel
405 1689 548 1747 licentiam
570 1679 611 1747 eis
625 1689 754 1747 dederint
768 1688 938 1748 auctoritato
951 1687 1028 1747 dioe-

225 1789 317 1846 cesani
339 1788 472 1860 episcopi,
495 1789 560 1847 roto
581 1788 770 1847 continentiae
791 1789 846 1845 ianr
866 1788 976 1855 emisso,
998 1789 1028 1845 et

225 1887 302 1943 illius
324 1886 383 1943 sint
403 1886 508 1955 aetatis
528 1903 639 1952 uxores,
661 1887 735 1959 qnod
756 1903 811 1944 nou
834 1885 925 1959 possit
938 1886 972 1943 de
986 1887 1028 1943 eis

224 1986 291 2043 oriri
313 1985 444 2057 suspicio,
465 1986 562 2042 dicant
582 1985 649 2063 illis¹
666 1984 781 2042 verbnm
811 1984 901 2041 sancti
930 1983 1028 2041 Evan-

223 2083 290 2154 gelii
305 2080 360 2156 (1),
381 2082 455 2169 quod
478 2083 586 2140 vadant
607 2082 635 2140 et
656 2082 781 2140 vendant
804 2083 897 2139 omnia
918 2098 970 2138 sua
997 2082 1028 2139 et

223 2197 256 2237 ea
277 2180 412 2238 studeant
433 2173 607 2253 pauperibus
628 2196 753 2253 erogare.
776 2179 854 2249 Quod
883 2180 906 2236 si
935 2179 1027 2239 facere

223 2295 279 2337 non
301 2279 456 2351 potuerint,
478 2280 585 2338 sufficit
605 2282 646 2337 eis
665 2279 738 2338 bona
760 2279 903 2337 voluutas.
923 2278 963 2335 nt
979 2296 1026 2337 ca·

224 2377 309 2434 reant
330 2377 435 2435 iratres
454 2380 484 2435 et
504 2395 599 2437 eorum
624 2378 755 2444 ministri,
777 2394 812 2435 ne
833 2377 946 2436 solliciti
966 2378 1027 2436 sint

222 2475 256 2532 de
278 2476 362 2533 rebus
383 2478 442 2534 suis
463 2477 677 2550 temporalibus
698 2477 733 2533 nt
751 2476 838 2533 libere
860 2476 967 2533 faciant
990 2476 1025 2535 de

222 2573 308 2631 rebus
328 2574 397 2641 suis,
418 2575 552 2647 quidquid
575 2574 712 2633 Dominus
733 2573 918 2647 inspiraverit
932 2576 979 2632 eia.
996 2575 1026 2633 Si

221 2672 317 2729 tamen
332 2672 480 2730 consilinm
496 2674 666 2747 requiratur,
675 2674 821 2731 'licentiam
833 2662 959 2731 habeant
974 2675 1025 2731 mi-

224 2810 384 2817 ---.—-

287 2886 309 2944 l)
328 2884 378 2933 cn.
396 2886 485 2932 ulau.
507 2885 543 2942 ie,
560 2885 600 2931 21.
