2284 3425
207 265 244 308 ru
268 265 480 308 rnsrrnnnrnn
501 266 524 308 s.
546 266 572 306 r.
593 265 748 308 runuerser.
818 249 881 308 173'

19 413 21 436 l

19 489 22 552 p
73 454 191 527 prepter
204 455 240 512 ab
255 453 308 512 hae
322 455 422 528 regula
436 454 586 513 inserenda
603 454 801 512 abstinendum
815 471 876 513 esse

72 567 242 614 censuimus.

76 732 82 740 ¹
154 745 223 806 VII.
246 745 292 806 Ad
313 745 522 806 Testamentum
543 745 571 806 S.
595 745 628 806 P.
651 745 801 806 Pruneisoi.

483 891 501 917 q

155 942 183 1000 1.
209 944 313 1003 «Circe
330 947 462 1004 ultimum
479 945 553 1004 vitae
575 963 643 1005 suae
655 945 723 1022 (1)»
748 947 775 1004 S.
791 947 879 1004 Fran·

73 1043 165 1101 riscus
185 1043 343 1116 composuit
357 1045 533 1117 opusculum,
548 1045 622 1118 qued
637 1047 697 1119 ipse
711 1063 793 1103 suum
813 1046 878 1103 «te-

74 1142 272 1199 stamentum»
300 1144 421 1200 vocavit.
443 1143 559 1216 Deque
582 1145 773 1204 testimonium
796 1143 878 1202 nobis

73 1238 211 1297 dederunt
232 1241 267 1298 fr.
289 1241 411 1300 Thomas
432 1242 606 1315 Celenensis
628 1259 702 1316 pape
723 1243 877 1316 Gregorius

73 1337 135 1408 lx„
150 1338 177 1398 S.
192 1339 394 1398 Beneventum
412 1341 515 1413 aliique
523 1342 584 1415 (2):
599 1341 715 1411 aceedit,
730 1342 803 1414 qued
819 1341 880 1398 ubi·

73 1454 127 1509 que
148 1437 213 1496 eliis
240 1437 331 1496 saneti
352 1439 495 1496 Fraueisei
524 1438 640 1512 seriptis
667 1438 807 1512 congruit,
836 1439 877 1496 ita

74 1537 107 1592 ut
132 1536 165 1594 de
192 1538 252 1595 eius
279 1536 429 1595 authentia
458 1538 612 1611 prudenter
639 1537 769 1596 dubitare
796 1549 877 1596 neme

74 1635 166 1709 pessit
180 1635 235 1713 (3).

154 1734 310 1792 Secundum
332 1734 461 1793 Sebetier
482 1736 511 1793 S.
531 1736 699 1794 Freuciscns
715 1736 798 1808 plura
812 1737 878 1794 seri·

75 1833 134 1906 psit
158 1833 340 1905 testamenta,
367 1838 409 1891 <ee
435 1834 464 1891 le
492 1834 531 1892 lin
560 1834 594 1891 de
621 1834 745 1892 checnne
772 1835 806 1893 de
832 1850 878 1893 ees

74 2048 111 2092 tur
127 2044 291 2106 supplicastis,
309 2048 336 2091 ut
348 2045 413 2091 vobis
429 2044 552 2103 indulgere
567 2044 730 2104 dignaremur,
742 2060 771 2093 ne
782 2045 878 2104 uliquod

74 2125 241 2182 iuramentum,
254 2124 301 2172 nisi
313 2126 393 2173 fersuu
402 2128 476 2185 pacis
486 2129 511 2172 et
520 2127 588 2183 fidei,
604 2128 744 2173 calumniae
755 2128 792 2173 rel
810 2128 877 2173 teeti-

73 2208 161 2264 mom'i,
178 2206 254 2255 seuere
271 2206 409 2255 teneamini.
428 2207 476 2253 Nus
488 2206 563 2265 igitur
575 2221 645 2268 snper
656 2207 784 2269 praedictis
796 2208 876 2253 indul·

72 2302 191 2345 poenum
209 2288 253 2335 eir.
271 2287 407 2346 Opnsenles‚
426 2288 442 2333 1.
461 2301 482 2335 c.
500 2302 556 2347 peg.
575 2288 614 2335 23.
632 2290 683 2335 unt.
701 2288 725 2333 2.

139 2369 162 2427 1)
180 2367 229 2415 cfr.
246 2369 334 2415 bullum
344 2354 454 2429 Gregorii
465 2369 508 2416 lX.
524 2370 575 2425 Quo
591 2369 702 2428 elonpnte'
716 2369 745 2416 de
759 2369 798 2416 28.
816 2371 877 2429 sept.

76 2449 145 2496 1230.
165 2449 307 2507 (Bullatium
324 2450 518 2506 Franciseuuum‚
535 2452 555 2496 t.
574 2450 593 2495 1.
609 2463 665 2508 pag.
683 2450 744 2508 68.).

136 2529 162 2587 2)
180 2528 228 2577 cfr.
246 2530 265 2576 1.
284 2530 333 2577 Cel.
352 2544 376 2576 n.
397 2531 437 2585 173
455 2531 486 2577 Il.
500 2530 549 2577 Cel.
562 2530 586 2588 3,
598 2530 643 2584 993
656 2531 757 2585 Benuv„
769 2532 878 2588 Legenda

19 2606 20 2609 ’
74 2610 98 2657 S.
112 2610 197 2656 Frene.
211 2624 262 2669 cup.
276 2610 299 2657 3.
311 2624 335 2657 n.
348 2612 383 2669 2.‚
394 2612 419 2658 et
431 2610 482 2657 eius
496 2612 611 2671 Epistola
619 2611 648 2656 de
665 2611 746 2657 tribus
757 2611 877 2671 quaestio-

74 2691 158 2747 nibus,
173 2688 199 2737 in
216 2704 261 2749 qna
278 2691 350 2739 dicit:
372 2692 420 2739 «ln
439 2694 513 2739 morte
530 2691 652 2739 mundavit
673 2690 800 2750 frutribus,
817 2693 877 2749 qued

19 2814 20 2819 ,
74 2772 182 2818 ductores
201 2771 225 2817 S.
243 2771 380 2830 Seriptnrue
401 2771 537 2819 insnmmu
561 2771 713 2819 veneratione
737 2772 874 2819 heberent»
894 2816 899 2823 ,

76 2851 162 2910 (Opera
179 2851 266 2911 omniu,
284 2855 303 2899 t.
323 2853 385 2899 llll.
403 2868 458 2912 pag.
477 2853 552 2911 335.).

137 2933 163 2997 3)
180 2932 228 2980 Clu.
247 2932 327 2993 (loeta,
345 2933 363 2982 l.
381 2947 402 2981 e.
422 2937 441 2981 t.
460 2933 537 2984 XXll;
555 2947 610 2994 pag.
628 2934 683 2982 372.
702 2946 766 2993 seqq.
