2284 3425
390 262 548 307 sannunuio
571 227 729 314 vinuun'un.
921 246 955 306 21

155 452 184 510 at
206 468 389 525 unaquaeqne
410 448 558 510 confundit
579 451 649 508 uitia
670 452 699 508 et
717 452 841 525 paccata.
856 453 960 510 Sancta

156 551 297 623 sapientia
318 549 467 609 confundit
488 550 571 607 satan
588 540 623 607 'st
636 566 733 609 omnes
752 551 877 608 malitias
892 553 961 610 eius.

155 650 234 707 Pura
254 650 355 707 sanata
376 648 544 722 simplicitas
564 648 713 707 contundit
727 665 836 707 omnem
852 650 962 723 sapian-

157 750 226 806 tiam
248 747 332 806 huius
353 744 449 805 mundi
471 748 500 804 ut
528 748 698 819 sapientiam
725 749 828 806 carnis.
857 739 961 806 Sancta

158 847 313 920 paupertas
334 846 481 905 confundit
502 861 612 904 omnum
634 847 817 918 cupiditatem
843 848 872 903 et
897 864 962 904 ava·

157 946 253 1003 uitium
274 945 407 1003 atu-uras
435 944 520 1003 huius
542 946 656 1006 saeculi.
684 945 788 1003 Sancta
813 945 962 1005 humilitas
994 947 996 949 ’

156 1044 305 1105 uuufuudit
316 1044 477 1117 superbiam
488 1046 517 1102 at
528 1045 759 1107 omnashuminus
769 1044 854 1104 huius
866 1046 961 1103 mundi

157 1144 186 1201 et
207 1144 310 1212 omnia,
324 1160 395 1217 quaa
410 1143 438 1200 in
455 1143 557 1203 inundo
569 1144 647 1201 sunt.
662 1144 766 1201 Sancta
780 1144 886 1201 caritas
900 1160 961 1201 cun·

156 1238 254 1299 fundit
267 1257 364 1300 amnas
377 1240 530 1299 diabolicas
545 1240 575 1297 et
588 1241 717 1298 carnatus
731 1240 904 1299 tentationes
917 1238 961 1316 (a)

156 1340 185 1397 at
199 1356 295 1401 omnus
316 1340 446 1399 carnales
467 1340 593 1397 timores.
610 1340 714 1397 Sancta
728 1339 887 1397 obedientia
901 1356 963 1398 con·

156 1437 254 1496 fundit·
272 1423 368 1495 omnes
382 1438 544 1509 corporales
558 1438 588 1495 at
601 1438 730 1495 carnales
744 1438 907 1496 voluntates
919 1437 970 1514 (t)

157 1537 186 1595 at
206 1535 294 1593 habet
316 1536 516 1595 mortificatum
547 1553 650 1609 corpus
671 1553 753 1595 suum
782 1536 817 1594 ad
838 1536 963 1595 obedien·

54 1628 58 1635 ’
156 1634 228 1693 tiam
250 1635 370 1707 spiritus
392 1637 420 1693 et
441 1636 475 1692 ad
498 1634 684 1693 obedientiam
706 1635 806 1692 fratris
820 1636 863 1692 sui
879 1635 907 1693 et
922 1635 963 1693 f-

49 1760 54 1766 ·
142 1735 198 1801 uit
219 1733 359 1793 hominum
383 1733 528 1792 subditum
551 1735 681 1792 omnibus
702 1733 862 1792 huminibus
879 1733 964 1792 huius

158 1833 256 1892 mundi
273 1833 324 1907 (c),
346 1835 452 1915 utnon
475 1834 587 1892 tantum
610 1833 779 1901 huminibus,
808 1833 856 1890 sad
878 1835 961 1891 etiam

155 1931 289 1992 'omnibus
312 1932 409 1990 bestiis
430 1933 459 1990 at
473 1933 557 2016 iuris,
580 1935 613 1991 ut
635 1932 747 2006 possint
767 1931 857 1990 fauere
878 1933 911 1990 de
932 1948 963 1989 ιιι

157 2031 293 2105 quidquid
318 2033 477 2100 notuerint,
509 2034 647 2106 quantum
681 2031 767 2090 fuerit
794 2032 834 2088 eis
864 2031 963 2088 datum

157 2131 280 2204 desuper
301 2149 318 2188 a
341 2129 468 2190 Domina.

201 2304 218 2347 s
248 2325 251 2331 .
