2284 3425
393 239 430 283 lx.
451 240 487 280 aa
508 239 684 281 ninacnnona.
738 296 765 317 -
903 220 939 279 11

139 430 191 501 qni
210 427 305 499 sociat
325 429 442 502 boemo,
463 446 523 487 aon
543 432 586 487 est
606 445 698 501 usque
717 428 760 485 od
779 445 870 485 anam
886 426 941 500 (1).
1015 437 1017 442 '

29 578 30 589 ,
139 528 311 601 Quicumque
332 544 398 600 orgo
420 526 527 585 invidet
549 527 631 585 fratri
655 542 706 585 suo
724 527 757 583 de
773 525 853 598 bono,
868 526 941 599 quod

141 627 277 685 Dominus
298 626 365 683 dicit
386 626 415 705 et
436 626 504 685 facit
524 627 552 683 ia
571 627 642 697 ipso,
658 625 782 697 pertinet
796 625 831 681 ad
846 641 943 697 peeca-

140 724 199 781 tum
223 724 424 797 blasphemiae,
442 726 508 799 qnia
529 725 583 797 ipsi
600 724 749 782 altissimo
764 722 879 791 invidet,
894 724 941 795 qni

139 822 207 881 dieit
227 822 256 881 et
277 823 344 881 iacit
365 840 445 883 omne
468 824 580 881 bonum.

360 982 412 1043 lx.
437 1017 473 1028 -
495 982 537 1043 De
558 981 718 1043 dileetiono.
765 956 769 960 ¹

198 1154 200 1163 '
221 1155 296 1213 Dioit
317 1156 454 1215 Dominus
467 1157 495 1212 in
511 1154 666 1229 Evangelio
678 1155 737 1229 (2):
750 1154 876 1227 Diliptte
890 1154 943 1211 ini-

139 1253 229 1311 micos
249 1255 359 1313 vostros
380 1254 432 1312 eto.
452 1254 507 1312 Ille
528 1253 667 1311 veraciter
685 1252 779 1326 diligit
800 1254 943 1310 inimicum
967 1292 971 1295 ·

139 1369 233 1435 sunm,
254 1354 302 1425 qni
323 1370 379 1411 non
400 1353 477 1411 doiet
498 1353 531 1411 do
553 1353 669 1421 iniuria,
684 1370 767 1426 quam
791 1352 843 1409 sibi
865 1352 942 1430 fao-it,

139 1450 188 1509 sed
208 1451 242 1510 de
263 1452 377 1525 peceato
397 1453 508 1510 animae
530 1468 598 1509 snae
619 1451 714 1509 uritur
737 1450 852 1523 propior
866 1466 944 1509 amo-

140 1568 198 1608 rem
221 1548 270 1609 Dei
283 1551 328 1625 (a)
340 1552 370 1609 et
383 1551 508 1609 ostendit
522 1552 546 1607 ei
561 1568 593 1609 ea
609 1550 741 1623 operibns
755 1549 942 1608 dilectionem.

190 1737 195 1743 '
285 1727 322 1788 X.
346 1763 382 1772 -
405 1728 446 1788 De
468 1728 652 1807 castigatione
673 1727 801 1806 eorporis.

220 1901 303 1959 Multi
316 1901 393 1969 sunt,
405 1903 452 1974 qui
464 1901 529 1958 dum
546 1902 664 1974 peceant
676 1902 717 1958 voi
731 1901 861 1968 iniuriam
878 1901 944 1956 reei-

139 2001 233 2073 piunt,
248 2017 331 2072 saepe
346 2000 495 2072 inculpant
509 2001 650 2058 inimicum
662 1999 702 2071 (b)
717 1999 760 2056 vel
776 1999 943 2071 proximum.

139 2099 191 2158 Sed
213 2116 268 2158 non
291 2098 335 2156 est
356 2099 412 2170 ita;
434 2099 713 2174 quiaunusqnisque
735 2098 763 2152 in
785 2088 848 2153 sua
866 2096 944 2168 pote·

139 2197 216 2254 stato
237 2197 323 2256 habet
344 2199 497 2266 inimicum,
520 2196 650 2254 videlicet
669 2211 781 2268 eorpus,
800 2212 850 2267 per
871 2195 943 2268 quod

140 2296 248 2368 peccat.
269 2295 349 2355 Unde
377 2297 477 2354 beatus
497 2297 545 2354 iiio
575 2312 684 2362 servus,
705 2295 751 2367 qai
780 2294 866 2352 talem
896 2295 944 2350 ini-

140 2395 242 2453 micum
264 2394 401 2453 traditum
423 2396 451 2452 in
474 2411 526 2452 soa
548 2394 690 2468 potestate
704 2380 944 2466 semper‘capoum

140 2494 265 2552 tenuerit
286 2495 314 2551 et
336 2495 480 2566 sapienter
503 2511 532 2552 se
547 2493 584 2552 ab
598 2495 660 2566 ipso
673 2492 853 2564 custodierit3
868 2487 944 2565 qaia,

140 2594 206 2652 dnm
229 2593 280 2652 hoo
300 2593 404 2662 fecerit,
420 2594 517 2651 nuilus
532 2594 606 2650 alins
621 2593 751 2650 inimicus
765 2591 886 2648 visibilis
901 2591 944 2648 vel

140 2692 292 2750 invisibilis
312 2694 337 2750 oi
358 2709 456 2751 nooere
478 2692 595 2768 poterit

144 2829 304 2836 ——ffld

206 2906 227 2964 ι)
247 2872 334 2952 eseia.
352 2906 392 2969 aa,
410 2906 433 2954 4.
712 2905 738 2963 a>
755 2903 844 2950 natta.
863 2903 886 2960 a,
904 2902 944 2950 44.
