2284 3425
360 88 380 128 1.
401 87 437 129 nc
458 88 583 131 conuonn
604 88 728 130 onnissi.
928 72 945 127 5

222 274 300 334 Unde
315 278 435 348 spiritus
449 278 560 335 Domini
576 278 632 351 (u),
647 278 694 351 qui
709 277 863 336 habitatin
879 277 946 337 iidc-

139 373 216 431 libus
232 375 300 446 suis,
316 376 363 433 itio
378 376 422 434 ost
436 376 483 449 qni
499 377 600 449 recipit
615 376 824 434 sanctissimum
843 392 946 448 corpus

139 474 169 530 et
190 474 356 546 sanguinem
376 475 505 545 Domioi3
520 492 617 535 omncs
632 476 689 544 atii,
705 477 752 549 qui
768 492 823 534 non
839 475 946 533 habunt

139 572 173 649 do
194 572 287 631 eodum
311 575 413 645 spiritu
433 575 462 632 et
478 575 664 654 praesumunt
677 575 800 646 recipcre
815 591 888 642 oum,
903 574 945 631 iu·

139 670 248 729 dicium
268 670 326 730 sibi
344 674 527 731 manducant
548 676 577 730 ct
596 673 699 731 bibunt
715 671 770 746 (1).
785 673 864 730 Unde
885 671 946 743 filit

83 810 94 837 .
138 769 297 843 hominum,
312 787 462 845 usquequo
472 772 559 844 orout
573 771 659 829 corde
674 770 741 845 (2)?
752 771 791 828 Ut
805 770 872 844 quid
887 786 942 829 non

137 868 307 941 cognoscitis
335 870 483 927 ueritatem
505 870 534 927 ot
563 869 607 945 (b)
630 870 749 929 creditis
770 872 803 927 in
827 868 944 927 Filium

138 967 197 1025 Det
205 965 355 1042 (3ttttcco,
364 968 487 1041 quotidie
499 967 633 1026 humitiat
644 984 683 1037 so,
692 968 765 1026 siout
776 967 888 1042 quando
897 965 942 1044 (4)

138 1064 442 1137 aromatibus'scdibos
455 1065 571 1123 venitin
588 1066 699 1124 ntorum
715 1066 858 1140 Virginis;
874 1082 943 1139 quo·

137 1162 205 1220 tidie
226 1162 305 1220 vnn
325 1163 360 1221 ad
382 1179 433 1222 nos
455 1164 514 1236 ipso
536 1162 653 1222 humilis
673 1179 832 1235 apparens3
853 1163 943 1235 quoti·

136 1261 180 1318 dio
201 1261 345 1321 descendit
365 1262 398 1319 do
420 1263 483 1319 sinu
506 1262 602 1319 Patris
624 1277 709 1334 sopor
730 1261 823 1319 altaro
838 1263 865 1319 in
883 1279 940 1318 nm·

136 1359 220 1417 uibus
241 1359 404 1419 sacerdotis.
421 1358 458 1415 Et
476 1359 550 1417 sicut
572 1360 680 1417 sanctis
694 1359 832 1432 apostolis
853 1375 941 1431 uppu-

137 1458 195 1515 rnit
210 1455 250 1536 (c)
262 1460 290 1516 in
307 1474 373 1517 vcra
383 1475 476 1526 carne,
490 1459 530 1515 ita
545 1459 575 1516 ot
590 1459 669 1517 modo
681 1475 710 1515 so
723 1458 803 1516 nobis
818 1457 942 1521 ostendit

136 1558 164 1615 in
180 1574 260 1616 sacro
275 1574 361 1631 pano;
380 1557 409 1615 et
423 1556 497 1639 siout
512 1558 565 1629 ipsi
581 1557 687 1615 intuitu
704 1558 749 1629 (ct)
765 1558 859 1615 curnis
874 1573 940 1614 suao

136 1656 248 1714 tontum
271 1672 383 1714 coruom
406 1672 485 1714 sicani
508 1656 651 1724 videbant,
675 1655 723 1714 sod
744 1657 835 1729 ipsum
858 1656 938 1713 doum

135 1773 196 1813 osso
217 1755 370 1814 credebant
388 1756 476 1838 oculis
492 1755 690 1829 spiritualibus
704 1755 940 1828 contemplantes,

135 1855 176 1912 sio
196 1855 225 1912 ot
247 1869 298 1913 nos
319 1854 446 1912 vidontos
468 1870 569 1926 panem
585 1854 614 1912 ot
629 1856 725 1912 vinum
740 1855 828 1912 oculis
842 1870 940 1926 corpo-

135 1954 191 2010 rcis
212 1952 356 2022 uideamus
377 1952 405 2010 et
425 1953 573 2011 credamus
595 1953 724 2020 firmitur,
739 1954 799 2011 eius
818 1953 940 2011 sanctis·

134 2053 235 2109 simum
251 2067 353 2124 corpus
368 2051 397 2108 ot
411 2053 578 2124 sanguinem
602 2053 695 2109 vinnm
712 2067 772 2108 esso
786 2051 815 2108 ot
831 2068 936 2109 vorum.

134 2149 173 2207 Et
194 2150 245 2208 tati
268 2151 347 2208 modo
369 2167 479 2223 sompor
501 2151 545 2208 ost
569 2151 704 2208 Dominus
723 2166 786 2206 cum
807 2149 938 2208 fidelibus

134 2250 203 2317 suis,
225 2249 298 2306 sicut
317 2250 377 2321 ipso
396 2249 464 2306 dicit
479 2247 540 2324 (5):
557 2249 634 2306 Ecce
647 2265 697 2322 eoo
711 2249 858 2307 uobiscum
871 2266 937 2306 sum

133 2362 226 2418 usquc
246 2345 286 2404 au
305 2349 584 2405 consummationum
605 2347 725 2404 soeculi.

141 2577 145 2583 ⁸
199 2595 219 2651 1)
238 2595 256 2641 1.
275 2594 327 2641 Cor.
348 2595 385 2652 11,
404 2595 444 2642 29.

194 2676 219 2732 2)
238 2676 326 2722 Psulm.
345 2675 369 2732 4,
387 2677 410 2723 3.
444 2667 448 2675 ’
690 2676 713 2732 3)
732 2674 799 2721 loun.
816 2675 840 2722 9.
859 2675 897 2720 35.

194 2756 219 2814 4)
237 2756 292 2816 Sap.
311 2754 350 2815 18,
371 2757 407 2802 15.
686 2756 711 2812 ὅ)
729 2755 818 2801 Mutth.
836 2755 876 2810 28,
894 2754 933 2800 20.
