2284 3425
503 206 722 249 lumonlulorins.

116 540 118 546 -
206 500 260 560 IV.
286 536 320 545 -
343 500 420 575 Quod
441 500 536 561 nullus
557 500 611 561 sibi
631 501 788 580 appropriet
800 500 1007 579 praelationem.

289 691 446 757 Noeoeoi
466 691 646 759 ministrari,
672 692 723 750 seri
741 690 922 760 ministrare,
943 690 1011 749 dicit

207 790 344 848 Dominus
367 788 422 866 (1).
444 790 492 847 Ilii
514 792 569 863 qui,
583 791 653 847 sunt
667 807 752 863 super
766 790 837 848 aiios
852 789 1009 857 constituti,

207 888 320 945 tantum
342 887 375 945 de
396 888 445 945 illa
461 888 635 960 praelatione
649 888 817 961 glorientur,
832 871 1009 960 quantnm'si

205 987 301 1044 essent
315 988 342 1043 in
358 986 489 1044 abluendi
505 968 626 1044 fratrom
651 987 734 1059 pedes
755 986 846 1044 officio
863 986 1008 1059 deputati3

205 1084 235 1143 ot
252 1084 361 1157 quanto
384 1087 474 1157 magis
495 1084 651 1143 turbantur
671 1084 705 1142 de
719 1084 817 1143 ablata
831 1084 883 1142 sibi
899 1085 1011 1157 preele-

155 1220 157 1225 ι
205 1186 281 1241 tione
302 1200 387 1257 qnam
408 1182 441 1241 de
464 1183 565 1256 pedum
587 1184 686 1251 officio,
702 1184 783 1241 teuto
798 1186 889 1257 magis
903 1184 956 1241 sibi
971 1184 1009 1243 lo·

204 1283 282 1341 culos
303 1282 337 1340 ad
361 1283 515 1353 periculum
538 1283 648 1350 aniruae
669 1284 841 1354 componunt
863 1284 874 1355 (
896 1281 917 1353 i.
1004 1365 1007 1370 1

258 1474 295 1548 Vss
319 1523 356 1531 -
379 1487 456 1562 Quod
477 1507 557 1548 nomo
578 1486 730 1564 superbiat,
754 1485 804 1546 sed
823 1485 958 1564 glorietur

394 1609 397 1616 ·
465 1586 494 1646 in
516 1605 596 1646 ornoe
617 1584 740 1644 Domini.

283 1778 416 1845 sitiendo,
445 1777 536 1844 honre,
569 1778 598 1833 in
628 1776 736 1849 quante
764 1775 929 1833 excellentia
958 1791 1007 1848 po·

204 1877 293 1934 suerit
314 1876 342 1932 te
365 1876 510 1940 Dominus,
532 1875 599 1946 quia
625 1874 733 1932 creavit
761 1873 790 1929 et
817 1872 951 1931 formauit
979 1875 1006 1931 te

202 1973 242 2032 aci
261 1975 417 2047 imopioem
439 1973 534 2055 dilecti
556 1973 621 2030 Filii
650 1974 694 2030 sui
724 1971 875 2029 secundum
903 1988 1006 2044 corpus

202 2075 228 2132 ei
245 2069 471 2132 similitudinem
487 2089 565 2130 suam
584 2071 735 2129 secundom
751 2071 883 2143 spiritum
898 2070 952 2144 (2).
967 2070 1006 2141 Et

202 2189 298 2232 ornnes
320 2172 475 2237 creeturae
498 2188 568 2244 quae
591 2171 644 2228 sub
665 2171 740 2228 caelo
760 2169 837 2238 sunt,
852 2169 1004 2226 secundum

202 2289 231 2328 se
253 2271 294 2344 (b)
317 2270 445 2326 serviunt
466 2270 495 2325 et
516 2268 690 2340 cognoscunt
710 2267 739 2324 ot
767 2267 900 2326 obediunt
921 2266 1005 2324 Crea-

201 2370 256 2427 tori
277 2384 327 2426 suo
349 2367 449 2424 meiius
471 2383 554 2439 quern
578 2366 619 2423 tu.
633 2366 672 2423 Et
686 2367 771 2424 etium
785 2366 934 2424 daemones
948 2382 1003 2423 non

201 2465 401 2526 erucifixerunt
422 2482 494 2533 eum,
517 2464 564 2522 sed
590 2465 622 2522 tu
650 2482 712 2522 eum
742 2467 812 2536 ipsis
840 2463 1003 2521 crucifixisti

200 2583 263 2622 eum
299 2564 327 2621 et
361 2564 453 2622 adhue
487 2563 630 2637 crucifigis
663 2563 827 2622 delectando
863 2564 889 2619 iu
927 2563 1003 2618 vitiis

200 2664 229 2720 et
257 2662 389 2734 peccatis.
412 2662 491 2719 Unde
517 2678 584 2734 orgo
612 2662 691 2734 potes
716 2661 856 2734 gloriari?
876 2661 950 2717 Nam
979 2661 1002 2717 si

265 2877 286 2934 ι)
305 2875 393 2921 useel.
411 2873 450 2932 ro,
469 2874 507 2920 ue.
733 2873 758 2932 2)
777 2872 825 2920 oo.
844 2872 902 2918 een.
923 2873 944 2929 1,
962 2871 1000 2918 so.
