2284 3425
192 197 249 256 114
499 214 635 258 rrrsrouu
656 215 684 258 u.

190 405 284 464 tinent
297 405 333 464 ad
348 404 527 473 sacrificium,
542 405 668 477 pretiosa
681 404 785 468 habero
800 403 929 463 debeant.
944 403 993 472 Et,

190 506 214 562 si
242 505 271 562 in
299 505 395 578 aliquo
422 505 482 563 loeo
510 503 721 562 sanctissimum
749 520 852 576 corpus
880 503 993 560 Domini

189 603 276 662 fuerit
290 603 470 676 pauperrimo
479 601 656 670 collocatum,
669 604 748 666 iuxta
759 602 923 660 mandatum
939 600 994 658 Eo-

188 702 289 760 cieeiue
310 703 339 759 in
360 702 420 760 loco
442 701 565 774 pretioso
586 701 683 759 abeis
705 703 828 775 ponatur
849 700 878 758 et
905 700 994 758 oonsi-

188 801 294 874 gnetur
308 801 414 858 etcum
429 817 534 872 magna
548 801 730 858 veneratione
743 799 872 872 portetur
886 798 915 856 ot
929 815 992 855 cum

133 939 137 945 »
188 896 993 978 discretioneaiiisministretur.Nominaetiametverba

190 999 302 1056 Domini
326 998 443 1070 scripta,
465 997 632 1072 ubicumque
658 998 840 1056 inveniantur
867 998 896 1054 in
924 996 996 1053 locis

189 1096 349 1165 immundiS,
365 1097 538 1170 colligantur
558 1097 588 1153 et
609 1098 636 1154 in
659 1097 718 1154 loro
733 1095 851 1153 honesto
873 1094 993 1152 debeant

188 1195 329 1254 collocari.
687 1205 689 1211 ⁴

268 1293 307 1350 Et
328 1295 357 1350 in
379 1294 454 1352 omni
477 1293 694 1366 praedicatione,
717 1309 801 1365 quam
828 1291 930 1360 facitis,
958 1289 992 1348 de

190 1391 365 1465 poenitentia
386 1393 521 1463 populum
545 1392 685 1449 moneatis
705 1391 734 1448 et
749 1390 822 1463 quod
838 1406 918 1448 nomo
933 1389 992 1462 pot-

188 1492 233 1548 est
255 1491 372 1563 saivari,
394 1491 449 1548 nisi
470 1491 517 1562 qui
540 1489 641 1562 recipit
660 1490 869 1546 sanctissimum
890 1504 993 1560 corpus

188 1590 217 1647 et
238 1590 404 1662 sanguinem
427 1589 539 1664 Domini
548 1571 607 1665 (1).
623 1589 670 1654 Et,
685 1588 828 1660 quandoo
850 1585 993 1644 sacerdote

189 1687 366 1746 sacrificatur
388 1705 474 1761 snper
494 1687 586 1745 altare
607 1688 684 1745 etin
707 1677 805 1761 aliqua
824 1685 905 1759 parte
928 1701 992 1757 por-

189 1786 279 1855 tatur,
301 1802 398 1846 omnes
418 1786 518 1867 genter
539 1786 619 1843 flexis
645 1784 764 1858 genibus
790 1784 910 1843 reddent
930 1785 993 1842 lau·

188 1886 247 1955 des,
270 1886 392 1959 gloriam
419 1886 448 1944 et
476 1884 608 1943 honorem
638 1884 757 1944 Domino
786 1884 843 1943 Deo
871 1884 937 1942 viro
964 1884 994 1941 et

188 2000 264 2043 vero.
465 1970 469 1980 ’

268 2081 307 2140 Et
326 2083 360 2141 de
380 2082 463 2159 laude
485 2085 545 2141 eius
566 2084 607 2141 ita
629 2082 758 2140 omnibus
779 2081 913 2154 gentibus
941 2097 993 2137 an-

188 2182 328 2239 nuntietis
349 2182 377 2239 et
399 2183 576 2254 praedicetis,
598 2183 631 2239 ut
652 2184 726 2239 omni
748 2179 818 2239 hora
837 2180 866 2237 et
880 2178 992 2254 quando

189 2280 344 2352 pulsantur
363 2298 517 2353 campanae
538 2297 649 2352 semper
670 2280 706 2337 ab
734 2281 866 2337 universo
888 2278 992 2351 populo

189 2378 375 2451 omnipotenti
397 2378 455 2437 Deo
476 2378 574 2436 leudes
594 2380 752 2451 etgratiue
767 2376 927 2436 referuntur
942 2393 992 2449 per

189 2477 279 2535 totam
302 2478 417 2535 terram.
459 2505 462 2509 ⁴
535 2521 545 2544 .,

268 2576 316 2644 Et,
345 2576 380 2633 ad
408 2592 597 2649 quoscumque
626 2574 730 2633 iratres
759 2592 834 2633 meos
862 2572 993 2633 custodes

189 2674 350 2745 pervenerit
367 2673 419 2732 hoc
439 2674 578 2745 scriptum
593 2673 622 2730 ot
636 2672 860 2745 exemplaverint
873 2673 904 2729 et·
916 2670 992 2743 apud

189 2811 348 2818 ——.....

253 2851 276 2944 1)
294 2887 344 2934 cfr.
362 2887 426 2933 loau.
445 2888 469 2947 6,
486 2887 526 2932 54.
