2284 3425
512 197 682 243 PRAEFATIO(
952 195 995 242 vm

297 404 321 498 i.
345 430 391 494 iie
415 430 576 509 antiquis
599 427 886 494 collectionibus.
994 499 997 504 ,

279 589 467 655 Mariamme
478 588 689 655 Fiurerrit'mm
702 586 731 652 iu
747 587 828 653 iibro
842 586 861 651 i.
871 585 995 653 cirrum·

189 712 300 761 eorum
317 696 446 763 exhibet
462 695 628 763 elenchum
649 684 840 780 scriptorum
857 695 886 758 S.
904 693 994 759 Frau-

189 800 275 891 risei,
291 787 384 889 quem
401 822 442 870 ex
454 802 620 885 -Waddiugi
638 800 772 868 editione
789 801 992 886 desumptum

190 911 250 975 ime
274 910 340 976 iero
371 909 528 996 ponimus,
558 908 699 988 «Multa,
724 909 837 995 iuquit,
857 907 993 993 scripsit,

188 1017 371 1103 exquibus
395 1024 497 1103 petest
527 1014 677 1104 perpendi
709 1017 796 1083 zeius
824 1023 856 1083 et
886 1014 993 1082 ierror

189 1123 319 1190 eiusde
351 1126 528 1191 animarum
554 1122 683 1203 ’saiute3
708 1123 910 1209 quorundam
943 1122 993 1190 iric

189 1232 378 1299 mentionem
403 1231 523 1299 faciam.
548 1230 698 1317 Scripsit:

279 1338 414 1405 Primam
432 1338 586 1423 reguiam,
599 1355 694 1422 quam
710 1337 907 1405 innocentius
923 1338 990 1404 siue

122 1458 124 1463 “
190 1443 276 1511 iruiia
300 1445 507 1525 confirmavit,
529 1463 611 1532 quae
632 1445 845 1530 iucipit'Huer
860 1456 907 1509 ert
925 1445 993 1511 vitu

188 1550 256 1635 (cir.
283 1552 362 1618 inira
387 1572 456 1638 pag.
481 1552 559 1637 ilai.
659 1598 666 1609 -

278 1658 991 1746 Secundamregrriaru,quamamisitimEiiaS.

158 1768 164 1778 '
195 1775 198 1783 “
278 1768 413 1835 Tertiam
443 1769 597 1853 reguiam,
622 1786 718 1853 quam
752 1767 907 1864 habemus
937 1784 991 1852 per

190 1873 359 1941 iieuurium
374 1865 613 1952 confirmatam,
631 1892 711 1960 quae
735 1873 842 1959 incipit
868 1872 992 1959 mpetu

152 2003 155 2009 ·
188 1989 217 2046 et
240 1981 311 2047 vitu
335 1981 405 2066 (cir.
432 2000 500 2068 pag.
527 1981 604 2062 63).

199 2155 202 2160 .
251 2132 255 2140 -
281 2087 379 2154 Edidit
404 2090 496 2155 etiam
522 2089 664 2174 reguiam
688 2087 852 2155 sororibus
867 2093 992 2157 sauctae

188 2194 307 2274 Clarae,
320 2195 448 2280 regulae
464 2195 598 2262 irairum
617 2195 774 2261 minorum
787 2193 991 2272 conformem,

120 2317 122 2320 ·
187 2299 991 2388 quaeincipitImaumiueiioma‘rriieir.pag.iiiii.).

278 2409 364 2500 item,
382 2410 522 2494 reguiam
539 2408 692 2475 iratribus
715 2416 746 2475 et
771 2408 936 2475 sororibus
952 2408 991 2473 de

125 2557 129 2572 ι
180 2513 378 2602 ,poenitentia
408 2534 469 2582 seu·
494 2516 575 2583 tertii
608 2515 738 2593 ordinis,
769 2533 851 2602 quae
884 2515 992 2600 incipit

124 2617 126 2622 ’
187 2605 226 2688 iz·
247 2623 307 2710 put'
328 2613 493 2689 volitarunt
514 2622 582 2703 (uir.
610 2642 678 2708 pag.
707 2622 864 2707 iiim).

253 2783 274 2841 i)
292 2783 318 2830 In
334 2783 385 2829 eod.
403 2781 507 2828 Palatia.
528 2781 580 2828 147.
598 2781 710 2828 biblioth.
728 2780 859 2828 autionariis
875 2781 992 2827 Florenti·

185 2875 231 2910 nae
247 2865 329 2909 exstet
344 2875 401 2923 opus
419 2862 448 2907 ir.
468 2861 570 2908 Mariani
586 2863 615 2908 de
632 2863 707 2909 tertio
721 2863 817 2919 ordine,
829 2862 853 2908 in
865 2875 910 2920 que
920 2861 1002 2908 aliuur'
