2284 3425
431 227 565 270 mussent
589 228 620 269 11.
868 210 925 268 103

118 419 270 476 aeternum
287 419 426 478 victurum
438 418 467 476 et
476 418 676 490 glorificatum,
688 419 720 475 in
730 434 814 490 quem
823 417 867 495 (n)
883 421 925 478 de·

117 516 254 576 siderant
274 517 371 591 anyeh'
390 501 556 590 pnospieere
571 515 626 592 (1),
652 516 812 575 contractet
840 519 926 574 mani·

119 615 186 689 bns,
207 615 289 674 corde
310 617 340 674 et
360 632 407 674 ore
434 617 521 673 sumit
546 616 576 674 et
605 616 669 672 aliis
695 615 730 673 ad
759 615 923 673 sumendum

120 714 280 788 praebet?'
616 713 618 717 ’
766 767 767 773 ,

140 863 144 866 .
202 812 302 872 Videte
322 813 492 886 dignitatem
514 813 649 886 vestrum,
671 811 776 870 hahes
801 811 926 870 sacerde-
959 861 962 882 ι

118 912 176 979 tes,
191 915 219 970 et
231 915 319 971 estote
331 913 435 978 sancii,
450 912 523 984 qnia
537 913 597 984 ipse
617 913 737 970 sanetus
759 914 800 970 est
808 907 863 985 (2).
877 909 924 982 Et,

119 1009 197 1068 sieut
217 1028 303 1083 super
323 1027 420 1068 omnes
441 1011 558 1084 prepter
579 1009 630 1068 hue
651 1011 816 1084 mysterium
839 1008 927 1067 hono-

119 1109 200 1167 ravit
220 1126 270 1168 ms
292 1109 428 1167 Dominus
449 1109 534 1176 Deus,
549 1109 590 1166 ita
612 1109 640 1165 et
662 1124 712 1166 vos
731 1124 816 1181 snper
830 1125 926 1170 nmnes

119 1209 215 1281 ipsum
234 1208 353 1280 diligite,
369 1208 532 1266 reveremini
549 1207 578 1264 et
597 1206 743 1266 honerate.
760 1207 864 1279 Magna
879 1207 927 1264 mi·

120 1309 196 1366 seria
216 1307 245 1364 et
265 1307 426 1365 miseranda
448 1306 610 1373 infirmitas
634 1307 746 1379 quando
772 1307 863 1378 ipsum
887 1307 926 1362 sie

120 1404 299 1478 praesentem
320 1406 432 1464 habetis
453 1405 482 1463 et
503 1421 553 1464 vos
575 1405 682 1478 aliquid
710 1403 786 1462 aliud
814 1404 844 1461 in
865 1404 926 1462 toto

120 1505 225 1563 munde
243 1505 360 1563 auratis.
375 1505 464 1562 Totus
479 1503 561 1562 homo
577 1503 689 1576 paveat,
709 1503 787 1564 tolus
803 1502 925 1560 mundus
1026 1541 1028 1544 -

119 1601 329 1669 contremiscat,
344 1600 494 1659 stenelum
512 1601 645 1667 exsultet,
661 1599 772 1672 quande
787 1616 872 1672 super
886 1600 924 1656 ul-

119 1700 183 1759 tare
196 1701 227 1759 in
242 1699 372 1759 manibus
387 1699 541 1759 sacerdotis
562 1700 607 1757 est
623 1697 763 1767 Christus,
779 1699 869 1756 Filius
881 1697 924 1775 (h)
1039 1720 1042 1723 ’

7 1807 8 1826 ’
120 1800 171 1857 Dei
192 1800 260 1857 viui.
281 1798 304 1857 0
325 1798 491 1857 admiranda
512 1797 638 1857 altitudo
667 1797 695 1855 et
723 1797 863 1870 stupenda
887 1798 926 1855 di·

118 1898 235 1971 gnatinl
256 1897 279 1956 0
301 1897 449 1955 humilitas
474 1897 620 1955 sublimis!
643 1895 666 1954 O
688 1895 850 1954 sublimitas
875 1878 923 1952 hu·

44 2030 48 2035 -
109 1996 205 2065 milis,
227 1996 300 2069 quud
323 1996 461 2054 Dominus
483 1996 689 2062 universitatis,
712 1995 788 2053 Deus
816 1995 845 2052 et
872 1994 923 2051 Dei

119 2094 219 2163 Filius,
241 2096 281 2152 sic
302 2111 331 2151 se
351 2094 493 2162 humiliat,
516 2094 548 2151 nt
569 2110 620 2165 pm
642 2093 741 2151 nostra
762 2092 854 2150 salute
870 2092 922 2149 snb

121 2193 228 2251 modica
249 2193 331 2264 panis
353 2192 474 2251 formula
495 2209 524 2249 se
545 2191 715 2249 abscondat!
740 2191 848 2264 Videte,
868 2190 922 2248 fru-

120 2294 187 2360 tres,
199 2291 388 2349 humilitatem
398 2292 451 2348 ‘Dei
467 2291 496 2348 et
507 2290 646 2361 effundite
658 2307 757 2365 eoram
769 2290 820 2347 illo
834 2288 922 2347 corda

118 2393 214 2449 vestra
226 2390 281 2466 (3),
303 2390 503 2448 humiliamini
519 2390 548 2446 et
570 2406 628 2457 unu,
650 2391 684 2445 nt
705 2376 873 2446 euellemini
887 2388 922 2445 ab

119 2490 215 2563 e0(4).
226 2489 306 2546 Nihil
318 2489 429 2563 segode
440 2488 519 2548 vobis
535 2487 682 2545 retineatis
697 2487 785 2559 vobis,
800 2487 833 2544 ui
848 2486 924 2545 totos

120 2606 169 2648 uns
190 2589 309 2661 recipiat
329 2590 376 2661 qui
399 2605 428 2645 se
450 2588 529 2647 vohis
550 2586 663 2645 exhibet
684 2587 785 2644 tntum.

120 2733 279 2741 ...—

183 2820 206 2877 ι)
223 2819 242 2865 1.
260 2819 325 2865 eutr.
345 2818 366 2875 1,
385 2817 424 2865 12.
450 2780 452 2785 ¹
695 2816 721 2874 a)
739 2817 794 2863 mv.
816 2815 852 2871 11,
870 2816 909 2863 n.

181 2900 205 2958 a)
223 2900 311 2946 Psalm.
329 2898 368 2955 si,
386 2899 409 2943 s.
692 2897 716 2954 n
735 2897 752 2942 1.
772 2898 837 2943 eutr.
855 2896 879 2953 s,
897 2896 920 2942 s.
