2284 3425
261 171 317 230 132
446 191 580 232 onrrcrnn
601 192 743 233 rrssronrs
764 192 873 233 oonrnr.

337 379 564 453 Egrediebantnr
586 379 678 438 foras:
699 382 729 439 et
749 380 936 454 loquebantur
958 382 986 438 in
1010 382 1062 438 idi-

259 494 352 551 psum.

338 576 441 636 Omnes
470 578 597 636 videntes
629 596 672 636 me
699 579 860 637 deriserunt
887 595 945 637 me:
974 579 1062 638 locuti

258 677 327 734 sunt
347 675 431 733 iebiis
451 677 480 734 et
501 678 651 736 monerent
670 678 766 750 capnt.

337 774 397 847 Ego
418 775 512 832 annm
535 793 598 833 snm
627 778 731 833 vorrnis
755 778 784 833 et
812 793 867 833 non
889 775 988 834 honio:
1011 792 1063 847 op·

260 872 403 946 probrinnr
424 873 567 932 hominurn
590 876 619 931 et
639 874 759 933 abiectio
780 874 879 946 piebis.
1123 878 1125 951 ζ

337 971 427 1044 Super
447 959 544 1030 omnes
566 974 694 1031 inimicos
715 989 791 1031 meos
812 972 905 1030 factus
926 989 988 1029 snm
1010 988 1064 1043 op·

260 1068 403 1141 probrinm
436 1071 535 1128 vicinis
569 1073 639 1129 meis
671 1071 767 1130 saido:
803 1071 832 1129 et
865 1071 950 1128 timor
983 1071 1064 1128 notis
1123 1072 1124 1143 i

259 1169 338 1226 meis·
739 1172 744 1178 '
850 1187 852 1191 ·
1123 1176 1124 1181 ’

339 1267 425 1324 Pater
446 1267 552 1334 sancte,
574 1284 609 1324 ne
630 1268 808 1340 elongaveris
821 1267 958 1326 auxilinm
977 1268 1075 1325 tnnrn

258 1381 275 1422 a
297 1382 355 1423 rne:
377 1365 412 1423 ad
433 1365 622 1425 defensionem
645 1383 734 1424 meam
756 1367 893 1439 conspice.

339 1464 459 1522 Intende
480 1466 508 1521 in
531 1464 703 1523 adiutorium
726 1481 833 1523 meum:
850 1466 967 1524 Domine
985 1464 1063 1522 Dens

259 1561 362 1619 salutis
383 1579 469 1620 meae.

563 1730 610 1791 Ad
631 1731 761 1793 Sortem„

338 1881 412 1942 Ant.
433 1884 537 1942 Sancte
558 1884 659 1942 Maria.

584 2018 733 2076 Psalmus.

338 2151 411 2209 Voce
434 2168 493 2209 mea
519 2152 554 2208 ed
577 2152 726 2210 Dominum
755 2153 891 2210 clamavi:
913 2169 979 2210 voce
1000 2169 1061 2210 mea

258 2250 293 2306 nd
317 2250 465 2308 Dominum
487 2249 656 2321 deprecaido
677 2267 749 2308 suni.

339 2347 458 2405 Effundo
480 2350 507 2405 in
529 2350 681 2421 conspectu
702 2351 762 2407 eins
783 2351 938 2407 orationem
953 2366 1059 2408 mecm:
1124 2361 1125 2376 ³

258 2448 287 2502 et
308 2446 521 2504 tribulationem
543 2464 632 2505 meam
654 2448 722 2505 ante
743 2449 835 2520 ipsum
858 2449 1021 2520 pronuntio.

338 2542 369 2603 In
391 2544 542 2604 deficiendo
562 2563 595 2603 ex
617 2563 660 2603 me
682 2547 812 2619 spiritum
843 2564 950 2605 nrenm:
972 2549 1002 2603 ot
1028 2548 1059 2605 tn

258 2644 414 2717 cognovisti
435 2645 551 2702 semitas
576 2663 660 2703 ineas.

339 2742 372 2800 In
395 2745 440 2799 via
466 2743 527 2816 hac,
549 2761 606 2816 qno
632 2743 828 2801 ambulabam:
852 2744 1060 2802 absconderunt

258 2841 388 2913 laqueum
411 2841 489 2899 mihi.
