2284 3425
442 273 532 317 ornus
555 274 625 317 nun.
896 257 934 316 47

125 463 265 536 operatur
286 465 315 521 in
337 464 378 521 eis
398 464 551 537 aliquando
573 464 603 522 et
617 466 666 536 per
682 466 766 537 ipsos
783 465 934 522 secundum

125 562 203 634 quod
224 561 293 620 dicit
315 561 451 620 Dominus
463 563 524 637 (1):
547 561 753 620 Verumtamen
771 564 803 620 in
817 563 874 620 troc
886 581 934 620 no·

125 659 180 717 lite
198 659 336 734 pandere,
358 661 430 733 onio
450 648 577 733 spiritns
597 660 794 720 suoiminntnr
813 661 906 719 cobis.

209 758 248 815 Et
268 758 388 841 firmiter
410 761 541 827 sciamus,
561 753 703 832 quianon
728 760 872 832 pertinent
897 760 932 817 ad

125 873 182 914 nos
202 857 257 914 nisi
280 857 351 916 vitia
371 857 400 914 et
415 858 539 930 peccata.
562 857 600 914 Et
615 860 706 931 magis
721 857 853 916 debemus
867 874 934 931 gan·
966 861 968 863 ’

125 954 204 1023 dere,
218 971 284 1012 cnm
298 956 332 1012 in
344 957 514 1013 tentationes
525 959 628 1014 corios
639 957 830 1016 inciderimus
840 957 894 1030 (2),
907 957 935 1014 et

125 1069 192 1110 enm
214 1053 388 1112 sustinemus
409 1071 600 1127 quascumque
621 1056 730 1112 animae
751 1055 795 1112 vet
810 1057 935 1127 corporis

125 1151 282 1224 angustias
310 1153 361 1210 aut
382 1152 583 1211 tribulationes
612 1155 639 1211 in
662 1153 714 1212 hoo
740 1153 844 1212 inundo
870 1168 935 1225 pro-

127 1252 195 1323 pter
218 1251 306 1308 uitam
325 1252 481 1309 aeternam.
503 1251 607 1310 Omnes
628 1268 696 1326 ergo
717 1252 822 1310 fratros
839 1269 935 1309 eavea·

126 1347 194 1407 nnus
213 1349 250 1406 ab
264 1351 346 1408 omni
368 1352 501 1424 snperbia
522 1351 551 1408 et
573 1367 646 1408 vana
666 1351 767 1424 gloria.
791 1349 935 1424 Custodia·

127 1463 194 1506 mus
215 1464 267 1506 nos
287 1465 306 1504 u
325 1442 466 1520 sapientia
487 1449 571 1506 huius
593 1447 689 1506 mundi
709 1449 738 1507 et
752 1467 768 1506 a
784 1448 934 1521 prudentia

125 1546 237 1614 earnis3
260 1546 380 1617 spiritns
398 1542 473 1605 ‘enim
496 1549 590 1604 carnis
612 1548 676 1605 vult
696 1547 725 1604 ot
746 1547 843 1605 studet
864 1547 937 1604 mnt-

124 1646 189 1702 tnm
210 1645 245 1701 ad
268 1644 354 1702 uerba
375 1645 514 1714 habenda,
536 1646 584 1703 sed
608 1661 707 1719 parum
729 1645 765 1703 ad
790 1646 933 1719 operatio-

125 1761 202 1811 nem,
224 1743 253 1801 et
273 1743 385 1817 quaerit
399 1759 454 1803 non
471 1744 633 1817 religionem
650 1745 679 1802 et
698 1744 879 1803 sanctitatem
894 1746 933 1802 in·

126 1843 260 1900 inriorem
276 1842 459 1916 epidimia),
476 1843 523 1899 sed
541 1844 602 1900 vuit
624 1843 653 1899 et
667 1842 809 1900 desiderat
825 1843 933 1915 religio·

127 1940 243 1999 nemet
265 1941 448 1999 sanctitatem
470 1940 538 1999 foris
556 1941 742 2013 apparentem
762 1940 932 1999 hominibus.

127 2038 167 2095 ut
187 2039 235 2096 isti
257 2038 334 2107 sunt,
355 2038 389 2096 de
410 2038 512 2112 quibus
526 2039 595 2097 dicit
611 2040 748 2098 Dominus
760 2040 822 2114 t‚3):
838 2038 933 2096 Amen

128 2136 192 2193 dico
212 2136 303 2209 cobis,
324 2141 492 2210 receperent
511 2139 668 2195 mercedem
694 2155 787 2195 snum.
810 2136 934 2209 Spiritus

127 2235 222 2315 autem
246 2235 356 2293 Domini
380 2235 452 2302 uult,
473 2235 673 2295 mortificatam
703 2238 732 2293 et
759 2236 929 2308 despectam,

129 2334 213 2391 vilem
234 2334 266 2391 et
283 2334 421 2391 abiectam
444 2335 473 2391 et
493 2335 707 2407 opprobriosam
730 2352 791 2393 esse
808 2352 932 2403 carnem,

128 2433 157 2490 ot
178 2431 275 2489 studet
295 2432 331 2490 ad
352 2432 542 2490 humilitatem
570 2416 599 2490 et
631 2434 807 2505 patientiam,
831 2450 931 2505 puram

128 2530 338 2603 simplieitatem
349 2531 392 2605 (b)
408 2531 437 2587 et
451 2548 545 2592 veram
563 2548 658 2603 pacem
672 2532 790 2603 spiritus
801 2553 807 2601 ;
819 2532 848 2588 et
859 2548 932 2587 sem-

129 2647 179 2702 per
199 2645 285 2701 snper
305 2630 399 2687 omnia¹
421 2630 562 2687 desiderat
590 2630 714 2687 divinum
746 2629 874 2688 timorem
903 2631 932 2685 ot

193 2861 215 2918 n
233 2861 289 2907 nuc.
311 2860 348 2918 io,
365 2860 406 2917 eo,
599 2888 601 2891 -

189 2940 215 2999 e)
233 2940 281 2989 nc.
301 2941 322 2999 1,
339 2940 363 2989 2.
714 2942 738 2998 ei
757 2940 844 2987 nertin.
863 2939 886 2997 s,
904 2938 933 2987 2:
