2284 3425
215 205 216 210 ’
267 215 398 283 ornrorun
419 216 562 260 rnssroms
584 217 695 259 oonrnr.
822 200 879 258 135

157 406 218 480 Ego
246 407 366 466 dormivi
393 407 423 466 ot
450 409 605 465 resurrexi:
631 408 661 466 ot
687 407 774 465 Pater
802 423 881 472 mous

14 533 16 538 ·
73 505 275 564 sanctissimus
297 513 367 564 cum
381 507 472 579 gloria
493 505 618 578 suscepit
639 523 690 564 mo.

158 603 245 662 Pater
287 605 392 673 sancto,
427 605 546 662 tenuisti
585 622 699 662 manum
721 605 879 662 »dexteram

74 719 184 761 meam:
206 703 234 760 et
255 703 283 759 in
306 702 454 762 voluntate
475 703 525 762 tua
547 703 745 762 deduxistime
766 704 796 761 ot
815 721 878 761 cnm
939 691 943 697 ¹

72 803 167 876 gloria
188 803 368 875 assumpsisti
390 819 442 860 mo.
906 795 909 799 ’

100 907 106 914 ’
157 901 229 972 Quid
250 903 323 960 onim
346 901 413 960 mihi
435 902 480 960 ost
501 902 528 958 in
550 902 642 961 caelo:
665 901 694 959 ot
715 919 732 958 a
756 900 784 959 te
811 901 878 974 quid

14 1069 15 1082 χ
75 1001 152 1088 uolui
174 1002 407 1076 superterram?

155 1094 269 1168 videtu
286 1099 387 1166 videto,
406 1099 537 1171 quoniam
559 1115 611 1171 ego
626 1084 879 1170 snm-Donsdicit
968 1103 971 1107 ’

75 1197 229 1266 Dominus:
251 1197 397 1274 exaltabor
418 1199 446 1254 in
472 1196 606 1270 gentibus
627 1198 656 1254 et
675 1195 821 1254 exaltabor
848 1197 877 1253 in

74 1298 162 1354 terra.
422 1356 425 1362 ,
831 1306 833 1309 ’

155 1385 332 1452 Benedictus
345 1395 481 1472 Dominus
504 1393 580 1452 Deus
600 1393 702 1461 Isrool,
724 1394 771 1465 qui
799 1393 878 1450 redo-

74 1494 126 1552 mit
147 1495 258 1552 animas
279 1511 424 1554 sorvorum
440 1509 554 1552 suorum
573 1493 606 1550 do
629 1494 743 1565 proprio
757 1493 878 1550 sanctis-

74 1596 144 1652 simo
166 1594 305 1674 sunguine
320 1609 385 1651 suo:
400 1594 437 1662 ot
458 1609 513 1652 non
529 1590 695 1665 delinquont
709 1607 814 1662 ornnes,
828 1592 876 1665 qni
925 1610 927 1614 ’

74 1691 193 1765 sperant
214 1693 243 1749 in
264 1707 305 1750 oo.
765 1688 768 1692 ’

153 1790 193 1848 nt
213 1791 326 1859 scimus,
348 1792 478 1863 quoniam
506 1790 599 1847 vonit:
621 1791 755 1862 qnoniam
783 1789 877 1847 vonist

14 1890 15 1893 ’
74 1890 212 1949 iustitiam
234 1890 372 1947 iudicare..

303 2110 304 2115 ’
358 2091 404 2153 Ad
425 2075 586 2171 Vesperom.

153 2282 226 2343 Ani.
248 2284 352 2341 Sancta
373 2272 473 2340 Mariass

398 2434 548 2493 Psalmos.

152 2578 256 2637 Omnos
287 2579 396 2651 gentos,
429 2577 554 2649 plaudite
583 2578 729 2637 manibus:
758 2579 875 2636 iubilate

14 2720 16 2729 .
73 2680 130 2738 Doo
152 2678 180 2735 in
203 2694 268 2735 voro
285 2677 497 2734 ‘exsultationis

152 2776 289 2845 Quoniam
319 2777 455 2833 Dominus
481 2776 618 2844 excelsus,
643 2776 794 2834 torribilis:
818 2776 874 2835 Rox

74 2890 193 2948 magnus
215 2890 300 2946 super
320 2890 429 2933 omnem
452 2873 568 2931 terram.
