2284 3425
446 242 536 283 curer
558 242 596 283 rr.
884 224 922 282 3¹7
981 220 985 224 ’

114 431 221 490 simus.
243 431 281 488 Et
301 431 404 489 debent
423 432 556 505 gaudere,
578 432 691 504 quando
718 432 923 490 conversantur

116 528 194 587 inter
216 530 286 587 viles
307 531 336 587 et
357 530 504 602 despectas
526 546 671 603 personas,
690 530 766 589 inter
786 546 923 603 pauperes

115 627 147 684 et
166 627 281 697 debiles
297 628 424 687 infirmos
438 628 467 686 et
481 614 608 701 leprosos
622 628 651 687 et
666 629 745 685 iuxta
760 630 834 685 viam
850 645 923 686 men·

115 725 255 786 dicantes.
277 726 315 783 iit
335 743 397 785 cum
420 744 531 785 necesse
554 727 648 793 fuerit,
665 726 772 784 vadant
789 742 838 799 pro
853 727 923 784 eiec-

117 826 254 897 mosynis.
275 824 314 881 Idi
334 841 389 882 non
412 825 646 894 verecundentur,
662 825 709 883 sed
726 827 817 897 magis
833 841 924 883 recor-

116 922 232 991 dentur,
247 924 312 996 quia
329 924 465 981 Dominus
477 924 574 982 noster
585 924 668 981 Iesus
680 924 821 992 Christus,
833 924 923 993 Filius

119 1020 170 1079 Dei
193 1022 250 1077 vivi
269 1022 480 1094 omnipotentie,
491 1023 595 1094 posuit
608 1020 713 1091 faciem
726 1039 813 1080 soom
827 1026 860 1079 ut
874 1037 923 1094 pe·

119 1121 199 1183 trum
220 1119 411 1178 durissimam
427 1119 482 1197 (1),
505 1138 554 1179 nee
577 1121 782 1179 verecundatus
804 1120 873 1187 init:
895 1120 924 1177 et

92 1245 95 1250 ·
119 1216 175 1276 duit
190 1234 298 1292 pauper
311 1218 341 1275 et
354 1218 457 1291 hospes
472 1220 502 1277 et
515 1219 586 1276 uiuit
605 1219 638 1277 de
656 1220 848 1293 eleemosynis,
864 1220 924 1290 ipse

118 1316 147 1374 ot
160 1316 245 1374 beata
263 1316 348 1391 Virgo
359 1316 387 1375 et
398 1317 529 1390 discipuli
541 1319 609 1376 eius
622 1318 661 1375 Et
671 1317 784 1390 quando
799 1316 924 1374 iacerent

118 1416 159 1473 eis
181 1396 308 1473 homines
329 1416 526 1474 verecundiam
547 1417 576 1474 et
590 1416 702 1475 nollent
716 1415 757 1473 eis
771 1416 838 1472 dare
855 1415 924 1473 elee-
961 1420 964 1423 ’

118 1530 275 1587 mosynam
299 1513 423 1571 referent
445 1514 508 1573 inde
528 1515 640 1587 gratias
656 1514 729 1583 Deo;
744 1515 809 1587 qnia
825 1514 858 1571 de
880 1529 923 1571 ue·

119 1612 260 1670 recundiis
281 1613 418 1684 recipient
439 1630 572 1685 magnum
595 1612 728 1671 honorem
750 1611 817 1670 ante
836 1612 923 1669 tribu·

119 1710 168 1768 nai
190 1710 302 1769 Domini
325 1712 414 1770 nostri
438 1713 503 1769 Iesu
527 1710 644 1769 Christi.
666 1712 705 1769 Et
726 1712 828 1780 soient,
849 1710 923 1786 quod

119 1809 288 1868 verecundia
311 1827 366 1868 non
389 1810 575 1882 patientibus,
597 1811 645 1868 sod
667 1810 855 1868 inferentibus
876 1812 924 1868 im·

120 1907 251 1982 putetur.
273 1909 312 1965 Et
332 1910 508 1984 eleemosyna
530 1909 575 1967 est
595 1909 739 1967 hereditas
753 1910 782 1967 et
803 1910 922 1977 institia,
982 1931 985 1936 ·

120 2023 192 2080 quae
213 2007 330 2065 debetur
352 2009 532 2081 pauperibus,
554 2025 639 2081 quum
665 2008 746 2066 nobis
773 2008 924 2080 acquisivit

122 2105 259 2164 Dominus
280 2106 377 2165 noster
398 2107 481 2165 Iesus
503 2106 644 2164 Christus.
673 2107 711 2164 m
739 2106 854 2170 iratres,
875 2107 923 2178 qui

120 2221 181 2262 eam
203 2205 373 2276 acquirendo
394 2204 535 2274 laborant,
559 2222 691 2278 magnam
708 2205 861 2263 mercedem
875 2203 923 2262 ha·

122 2301 229 2360 bebunt
250 2304 279 2360 et
299 2303 408 2360 iaciunt
421 2304 525 2362 lucrari
541 2305 570 2362 et
585 2305 730 2376 acquirere
748 2303 922 2371 tribuentem

121 2402 186 2473 qnia
197 2402 301 2470 omnia,
313 2419 384 2474 quae
395 2401 522 2460 homines
536 2401 755 2476 r·eiinquunt(o)
769 2404 796 2460 in
811 2402 922 2469 mundo,

122 2498 264 2572 peribunt,
280 2499 327 2556 sed
347 2499 379 2556 de
400 2499 520 2557 caritate
541 2500 570 2557 et
592 2499 625 2557 de
646 2500 837 2574 eleemosynis
853 2516 924 2572 quas

121 2595 257 2665 iecerunt,
278 2595 423 2655 habebunt
445 2599 600 2670 praemium
623 2616 639 2655 a
663 2598 792 2657 Domino.

122 2788 281 2796 ...-—-—-

186 2908 209 2965 n
227 2906 284 2954 isar.
301 2908 341 2964 so,
360 2910 382 2955 u.
