2284 3425
471 224 561 289 aaron
583 224 633 267 vn.
688 283 692 288 ¹
912 207 950 263 33

739 326 952 335 —..—.—-.

214 520 281 579 VII.
304 553 340 561 -
362 517 403 578 De
424 516 503 578 modo
524 517 663 579 seniendi
684 525 713 578 et
733 517 887 579 laborandi.

192 700 195 709 ’
232 707 335 765 Onnes
357 692 471 777 iratres,
493 709 521 765 in
542 708 763 781 quibuscamque
785 708 853 767 iocis
867 707 953 765 stete-

152 804 213 862 rint
234 806 310 878 apud
330 806 403 865 aiios
423 806 460 863 ad
481 806 659 887 sarriendum
685 806 729 863 rel
757 805 953 874 laborandum,

152 920 210 962 non
231 905 290 964 sint
304 906 449 962 camerarii
466 921 515 962 neo
529 905 689 963 cancellarii
703 902 747 981 (a)
763 921 813 963 neo
828 905 955 977 praesint

151 1002 181 1058 in
205 1002 332 1061 domibus
352 1020 447 1062 eornm
463 1003 565 1076 quibas
587 1003 730 1072 serviunt3
749 1019 803 1061 nee
817 1003 955 1074 recipiant

152 1100 266 1172 aliquod
289 1100 420 1170 officinm,
435 1102 508 1175 quod
523 1102 689 1159 seandainnr
703 1101 819 1175 generet
834 1101 876 1159 rol
893 1102 955 1159 oni·

152 1214 217 1255 moe
230 1215 301 1257 snae
314 1198 408 1269 faeiat
421 1200 625 1258 detrimentum
637 1198 682 1277 (1)
690 1219 700 1270 ;
720 1200 768 1256 sed
790 1200 850 1257 sint
870 1200 956 1258 mino·

153 1312 200 1353 ros
214 1298 243 1354 et
258 1297 363 1356 subditi
382 1298 520 1367 omnibus,
536 1300 583 1371 qni
605 1279 634 1356 in
656 1298 751 1356 eadem
774 1298 855 1356 domo
878 1299 955 1355 sunt.

137 1414 140 1419 ·
234 1394 272 1451 nt
292 1396 406 1465 fratres,
428 1399 475 1470 qni
497 1399 592 1454 sciant
613 1395 752 1465 laborare,
774 1395 906 1455 laborent
926 1396 956 1453 et

118 1496 119 1499 ’
152 1493 268 1551 oandenr
296 1495 386 1552 artem
408 1496 565 1567 exerceant,
587 1512 670 1568 qaam
693 1495 833 1562 noverint,
855 1496 877 1551 si
900 1511 955 1553 non

153 1592 241 1649 fuerit
260 1593 359 1651 eontra
380 1594 501 1651 salutern
522 1596 633 1651 anirnao
654 1610 721 1651 snae
736 1595 765 1651 st
778 1592 895 1651 honeste
911 1610 957 1665 po-

154 1690 244 1748 tarint
264 1693 385 1764 operari.
413 1692 488 1750 Nam
517 1694 559 1750 ait
588 1692 727 1765 propheta
742 1690 803 1767 (2)
827 1691 956 1750 Labores

153 1805 297 1848 mannam
320 1795 439 1848 tuorum
458 1792 528 1864 quio
545 1791 747 1862 mandassetis,
763 1790 862 1847 beatus
877 1806 916 1862 es,
930 1794 957 1847 ot

154 1887 224 1945 bene
239 1889 291 1946 troi
304 1891 376 1959 erit,·
389 1891 418 1946 et
432 1889 579 1961 aposolus
591 1889 651 1966 ():
671 1890 728 1963 ραι·
741 1906 801 1946 non
814 1888 877 1945 volt
891 1905 959 1959 opo-⁴

154 1975 221 2044 rori
242 2003 301 2044 non
330 1987 483 2044 manderet
499 1985 613 2063 (b)t
575 1986 613 2043 nt
641 1987 841 2058 enusquisque
868 1988 897 2042 in
925 2003 958 2043 ea

154 2085 261 2142 artent
282 2085 381 2153 officio,
397 2086 428 2142 in
443 2103 498 2157 qao
513 2088 632 2142 noenius
652 2088 705 2157 est,
717 2087 889 2155 personarent
901 2084 956 2159 (4).

148 2183 194 2266 Et
216 2185 327 2256 possint
349 2201 400 2257 pro
420 2180 516 2242 labore
538 2184 663 2255 accipere
684 2184 777 2241 omnia
799 2184 957 2240 necessaria

157 2282 271 2355 praetor
291 2284 449 2360 pecuniam.
469 2282 517 2349 nt,
532 2299 595 2340 enm
616 2299 727 2362 neeesse
741 2274 836 2347 fuerit,
851 2281 959 2338 vadant

156 2397 208 2452 pro
229 2381 412 2454 eleemosynis
434 2381 507 2438 siout
524 2381 572 2437 alii
588 2373 753 2457 frenesta).
769 2379 807 2436 iit
820 2379 904 2438 liceat
918 2381 958 2437 eis
1049 2402 1071 2409 „

155 2479 259 2537 habere
281 2479 453 2538 ferramenta
482 2478 511 2533 et
540 2480 732 2536 instrumenta
760 2479 819 2534 suis
836 2477 958 2535 -artibns

155 2580 325 2635 necessaria.

155 2725 316 2733 ——--

180 2810 244 2866 l)
261 2809 334 2855 Maro.
353 2809 375 2854 8
395 2809 425 2854 36
640 2835 643 2842 -
711 2807 736 2862 2)
756 2806 842 2851 Psaim.
863 2805 915 2860 127,
933 2805 956 2850 2.

219 2889 244 2947 8)
261 2889 291 2935 11.
309 2889 434 2948 Thessti,
456 2888 493 2933 10.
715 2888 740 2942 i)
757 2886 776 2931 1.
793 2886 847 2932 Cor.
867 2887 889 2941 7,
907 2885 947 2931 24.
