2284 3425
290 223 300 238 ·
402 221 437 262 lo
460 221 573 262 PARTEM
595 221 752 262 sroooomr.
919 204 975 261 179
1060 216 1063 222 ·

177 394 389 479 ‚Benodlcomos
402 410 517 468 Patrem
536 411 566 467 et
580 410 682 495 Filium
704 427 767 467 oum
782 411 890 482 Spiritu
912 427 978 468 san·

176 511 230 567 cto‘
243 507 287 584 (1)
303 531 331 564 ».
352 508 430 566 Idem
452 508 600 566 Eccleston
630 502 799 566 montionem
827 508 896 566 facit
919 510 978 580 epi·

178 607 276 675 stolae,
305 624 389 680 quam
420 608 535 679 scripsit
562 607 728 678 Bononiam,
755 608 896 680 «inore
924 607 979 665 fuit

178 705 280 765 falsum
304 706 423 764 latinum
437 704 517 781 (2)».

258 803 483 877 2.,Ψειὰᾶίηςυε
503 805 532 860 in
555 820 607 860 soa
629 803 750 862 editione
777 803 814 860 17
843 805 979 876 epistolas

178 903 207 959 S:
228 903 369 960 Fran'olsci
391 902 511 970 exhibet,
533 918 653 974 quarum
677 915 745 974 pars
764 903 852 960 maior
866 902 977 959 admitti

179 1001 285 1074 nequit.
1040 1080 1043 1083 Ι

258 1100 387 1172 Epistola
409 1100 434 1158 I.
456 1100 500 1157 est
521 1117 600 1172 pars
615 1096 682 1157 suae
710 1100 847 1172 epistolae
867 1100 908 1157 Π.
931 1099 980 1173 (ad

178 1215 274 1258 omnes
295 1198 414 1272 fideles).
919 1242 922 1249 .

258 1297 389 1369 Epistola
416 1297 474 1354 III.
497 1297 545 1371 (ad
571 1297 597 1353 S.
628 1296 796 1377 Antonium)
819 1297 880 1369 ipso
907 1297 980 1353 testo

178 1395 336 1468 Waddingo
356 1413 373 1452 a
394 1395 514 1454 diversis
535 1393 892 1478 diversimodouexhibetum
908 1395 981 1452 undo

130 1541 135 1546 .
178 1491 278 1562 formo
298 1493 383 1551 dubia
404 1495 457 1550 est.
1025 1483 1027 1487 ’

259 1591 390 1664 Epistola
411 1592 461 1650 IV.
482 1593 511 1650 et
533 1593 568 1650 V.
591 1591 639 1664 (ad
660 1593 687 1649 S.
711 1591 837 1665 Claram)
857 1608 913 1649 norr
929 1591 982 1648 sub

179 1690 270 1749 forma
291 1691 427 1764 epistolae
453 1693 480 1749 irr
510 1691 651 1750 codicibus
679 1690 836 1760 habentem
858 1690 909 1749 cir.
938 1707 982 1748 su·

162 1808 233 1862 'pra
255 1808 318 1863 pag.
343 1790 389 1850 75.
412 1792 441 1847 et
463 1791 509 1847 76.

260 1888 391 1961 Epistola
413 1889 462 1946 VI.
485 1890 514 1945 et
542 1888 626 1945 VIII.
648 1889 717 1945 sont
746 1888 899 1945 summaria
926 1889 1000 1962 epl->

180 1988 270 2045 stolae
290 1987 327 2044 ad
348 1986 509 2044 ministrum
530 1987 700 2059 generalem.

261 2086 391 2157 Epistola
423 2085 499 2151 vll„
526 2084 577 2142 IX.
610 2102 643 2142 ac
670 2085 747 2142 XIV.
780 2103 797 2141 a
824 2084 982 2155 Waddingo

181 2201 213 2240 or
235 2184 366 2241 idiomate
387 2183 533 2255 hispanico
555 2184 624 2242 sunt
641 2183 809 2251 translatae,
831 2199 982 2255 earumque

74 2362 81 2369 „
182 2281 272 2341 forma
293 2284 460 2355 primigenia
481 2282 568 2341 deest.

261 2381 391 2454 Epistola
411 2381 445 2438 X.
467 2384 511 2439 est
532 2398 599 2454 pars
618 2381 754 2453 epistolae
769 2382 803 2439 ad
825 2380 982 2453 capitulum

181 2481 321 2551 generale.

247 2650 268 2705 1)
287 2650 401 2711 Anoloote
419 2648 588 2705 Promissam,
608 2652 627 2695 t.
645 2649 665 2694 1.
683 2662 737 2706 pag.
755 2647 810 2693 232.

244 2730 269 2787 2)
286 2728 323 2775 lta
340 2730 423 2785 legunt
445 2730 604 2777 Monumeuta·
619 2728 758 2774 Germaniae
778 2727 901 2785 historica,
922 2727 982 2773 Seri·

183 2812 271 2884 ptores,
289 2812 308 2855 t.
328 2810 437 2857 Xlllllll.
456 2824 509 2869 pag.
527 2810 589 2864 5633
608 2810 651 2856 cir.
671 2810 739 2856 Amal.
754 2808 981 2867 rrano.‚1.o.peg.

182 2891 237 2939 232.
255 2896 307 2937 not.
325 2890 348 2938 4.
