2284 3425
369 258 459 299 cneu'r
481 258 526 299 nr.
550 258 587 299 un
608 259 665 299 avr.
749 249 752 255 “
877 243 916 300 43

106 446 300 517 prohibeant.
320 414 407 505 Omni
416 448 527 519 pelenti
541 462 570 505 sc
586 426 737 517 tribuna&
757 450 784 504 ei
803 408 830 505 si
852 448 918 519 qais

110 542 266 614 mafortea
286 562 360 617 quac
379 562 435 609 suu
455 549 533 617 sani,
555 562 615 603 noa
635 548 768 617 repetant
781 544 837 620 (1).

167 750 228 809 XV.
251 780 289 794 ·-
311 747 388 823 Quod
409 748 508 809 fratem
529 768 584 809 non
604 757 721 809 teneant
740 748 867 821 beatiam,

409 866 461 907 neo
482 846 620 925 aquitani.

196 1037 321 1112 Iniungo
341 1037 470 1096 omnibus
487 1036 625 1095 lrairibus
646 1039 720 1095 meis*
736 1038 795 1094 iam
810 1037 918 1095 clericis

112 1153 199 1208 qnam
223 1136 302 1194 laicis
322 1136 455 1195 euntibus
478 1153 526 1207 per
548 1136 682 1194 mundum
712 1135 755 1193 vel
786 1129 919 1193 moranti·

114 1234 169 1293 bns
191 1236 218 1291 in
241 1234 319 1302 lucia,
341 1235 414 1307 quud
437 1235 514 1293 nullu
534 1235 615 1294 modu
636 1235 710 1307 apud
733 1251 763 1291 se
784 1235 829 1292 vel
842 1234 918 1306 apud

113 1332 203 1390 alium
226 1350 276 1390 nec
297 1317 392 1406 aliquo
413 1334 468 1391 alio
490 1334 569 1392 modu
592 1333 710 1391 bestiam
726 1334 850 1406 aliquam
872 1333 919 1389 ha·

114 1430 214 1490 beant.
241 1430 300 1489 Nec
328 1433 368 1489 eis
396 1432 480 1489 liceat
504 1433 641 1505 equitare,
669 1433 723 1489 nisi
752 1432 919 1489 infirmitate

115 1529 160 1589 vel
184 1546 289 1605 magna
310 1530 478 1589 necessitate
499 1531 647 1603 cogantur.

143 1735 222 1794 XVI.
247 1769 282 1778 -
305 1734 346 1794 De
369 1691 507 1808 euntibus·
521 1735 595 1794 inter
615 1753 759 1794 saracenos
779 1742 809 1794 at
828 1735 897 1794 alica

447 1831 586 1892 infideles.
942 1827 945 1832 ’

199 2021 274 2079 Dicit
289 2013 426 2080 Dominus
437 2023 497 2097 (2):
514 2008 600 2093 Ecce,
614 2038 664 2094 eqo
679 2021 763 2078 mitio
777 2038 826 2078 cros
844 2022 921 2080 sicui

116 2136 181 2178 oves
203 2119 234 2176 in
254 2121 347 2178 merliu
370 2119 518 2192 luporum.
540 2121 644 2177 Esioic
670 2137 739 2192 erqo
758 2121 921 2192 prii-denies

116 2219 193 2276 sicui
206 2222 351 2290 serpentes
365 2221 391 2275 cl
405 2219 551 2292 simplices
572 2219 648 2276 sicca
668 2218 826 2276 columbae.
841 2218 921 2276 Unde

117 2317 284 2394 quicunqne
307 2315 429 2374 fratrum
451 2317 548 2374 diuina
570 2318 755 2388 inspiratione
780 2317 923 2376 voluerint

117 2417 158 2472 ira
179 2415 255 2472 inter
276 2431 425 2473 saracenus
447 2415 475 2472 cl
503 2415 575 2487 alios
600 2414 727 2498 infideles
757 2415 863 2472 vadant
889 2414 923 2472 da

118 2513 233 2570 licentia
255 2514 297 2570 sui
321 2512 445 2570 ministri
470 2513 499 2570 ei
524 2513 608 2568 serui.
632 2513 761 2570 Minister
789 2528 855 2570 uero
875 2512 923 2569 dei

118 2613 158 2669 cis
178 2611 321 2670 licentiam
343 2612 372 2669 el
396 2627 451 2669 non
478 2611 664 2683 contradicat,
687 2613 709 2668 si
739 2611 852 2679 viderit,
875 2627 922 2668 ecs

119 2726 179 2767 esse
201 2708 314 2770 idoneus
340 2710 375 2766 au
405 2709 589 2780 miliendnm3
613 2726 678 2765 nam
707 2708 849 2765 leuebiinr
871 2708 923 2766 Do·

185 2922 208 2982 ι)
226 2921 282 2970 uui.
300 2923 324 2980 a,
342 2921 380 2986 aa.
399 2924 423 2971 et
441 2922 478 2971 30.
501 2911 502 2914 ’
673 2922 697 2980 er
717 2920 806 2967 Marcu.
826 2921 863 2978 ιο,
885 2920 922 2966 rc.
