2284 3425
356 216 447 258 cason
469 217 527 257 mx.
548 216 585 258 nn
606 217 653 257 xx.
864 198 903 256 49

96 403 185 461 nistri
207 406 294 462 semol
317 405 345 462 in
367 422 443 464 anno
464 406 581 463 veniant
602 406 637 462 ad
652 405 808 478 capitulum
824 405 852 460 in
868 403 902 488 fo·

95 502 146 559 sto
168 501 350 562 Pentecostos
377 504 453 576 apud
481 505 625 563 ecclesiam
655 503 769 561 sanctas
798 502 904 563 Mariae

95 599 132 657 do
155 599 351 668 Portinncnla,
373 603 428 659 nisi
448 619 466 659 -a
489 603 620 660 ministro
648 602 677 658 ot
706 617 786 658 sorvo
816 601 904 662 totins

95 698 295 757 fraternitatis
315 699 402 757 alitor
424 700 510 758 fuerit
531 701 703 759 ordinatum.

179 903 252 960 XiX.
275 937 312 946 -
335 901 412 976 Quod
432 902 533 963 fratros
553 903 651 962 vivant
670 901 814 962 catholico.

147 1128 150 1132 -
179 1090 285 1148 Omnes
306 1090 411 1148 fratros
437 1093 496 1149 sint
516 1092 657 1160 catholici,
680 1093 779 1150 vivant
806 1092 835 1149 ot
863 1093 904 1150 lo·

93 1189 224 1259 quantur
245 1188 392 1248 catholico.
413 1191 440 1247 Si
462 1191 525 1264 quis
547 1206 613 1249 voro
639 1191 778 1249 erraverit
804 1207 820 1247 a
849 1189 903 1248 fido

94 1286 125 1342 ct
147 1287 210 1343 vita
230 1286 370 1345 catholica
391 1289 418 1344 in
441 1287 581 1363 dictovoi
601 1289 628 1344 in
652 1288 726 1348 facto
747 1287 776 1346 et
796 1303 851 1346 non
874 1305 902 1345 sc

93 1384 301 1453 amandaverit,
322 1403 340 1443 a
360 1388 460 1445 nostra
479 1386 660 1444 fraternitate
676 1387 789 1459 ponitus
810 1386 902 1458 expol-

94 1482 186 1540 Iatnr.
208 1483 248 1540 Et
268 1500 365 1542 omncs
385 1469 501 1550 clc‘ricos
521 1485 550 1542 ot
571 1500 668 1542 omnes
689 1484 835 1557 religiosos
855 1484 903 1540 ha·

95 1581 216 1638 beamus
237 1598 289 1653 pro
310 1578 430 1640 dominis
452 1584 480 1640 in
502 1582 547 1639 his
568 1600 640 1655 quas
661 1583 793 1654 spectant
810 1582 845 1640 ad
861 1599 901 1640 sa-

95 1680 186 1739 lntom
209 1681 321 1739 animae
341 1681 371 1740 ot
391 1700 408 1739 a
430 1682 529 1741 nostra
552 1682 686 1755 religiono
707 1697 762 1740 non
778 1681 902 1749 deviant,

95 1780 125 1837 ot
146 1779 274 1839 ordinem
289 1780 319 1837 ot
333 1780 454 1839 officinm
473 1796 568 1840 corum
584 1780 613 1838 ot
627 1780 901 1839 administrationem

95 1880 123 1936 in
147 1879 270 1938 Domino
287 1896 457 1939 moneremur
473 1878 528 1955 (α).

93 2085 156 2143 XX.
179 2117 220 2124 -
240 2063 475 2143 Do'oonfossiono
496 2082 613 2142 fratrum
635 2089 664 2141 ot
684 2079 718 2140 dc
746 2082 902 2159 roooptiono

177 2180 297 2258 corporis
332 2190 361 2242 ct
394 2180 540 2258 sanguinis
575 2179 686 2240 Domini
720 2179 807 2239 nostri
837 2179 902 2239 Iesu

150 2319 154 2325 -
178 2277 292 2339 Ohnstn

177 2466 297 2524 Fratres
319 2466 371 2523 mei
394 2466 530 2524 benedicti
553 2467 611 2523 tam
632 2467 724 2524 cicrici
738 2482 821 2539 quam
838 2466 901 2523 iaici

93 2563 288 2623 confiteantur
308 2563 425 2635 peccata
445 2581 498 2622 sua
518 2562 712 2623 saceidotibus
733 2565 847 2622 nostrae
862 2581 902 2622 re·

92 2662 220 2735 ligionis.
240 2660 280 2718 Et
308 2664 331 2718 si
350 2678 415 2720 *non
445 2661 589 2734 poterunt,
617 2660 807 2720 confiteantur
835 2662 901 2719 aliis

94 2760 226 2817 discretis
246 2759 277 2817 ct
296 2760 443 2819 catholicis
464 2746 666 2827 sacerdotibus,
679 2758 799 2817 scientos
814 2758 900 2816 firmi-

95 2859 141 2915 tor
161 2859 190 2915 ot
210 2839 402 2926 atts'ndontos
424 2843 538 2931 ocima
559 2856 781 2930 quibuscumque
807 2873 901 2915 sacor-

824 2980 838 3026 3
