2284 3425
275 817 335 913 ᾖε
363 818 557 889 tererentie
585 817 903 913 eorporie'Qomini
960 866 963 870 -

359 951 395 1011 et
421 944 462 1010 de
491 944 663 1038 munditie
690 944 822 1011 alterio.

499 1124 685 1131 m„—

179 1471 181 1475 .
269 1416 469 1483 Attendamus,
482 1433 578 1475 omnes
588 1417 690 1483 cleriei,
704 1432 836 1488 magnum
849 1399 993 1488 pecentnnr

145 1568 146 1571 ,
189 1516 217 1572 et
238 1515 440 1587 ignorantiam,
456 1532 539 1588 quani
561 1514 675 1586 quidam
698 1513 805 1571 habent
825 1531 910 1587 snper
931 1532 994 1571 san·

188 1614 344 1670 ctissimnrn
358 1629 459 1684 corpus
474 1612 503 1669 et
517 1614 682 1685 sanguinein
700 1612 811 1671 Domini
825 1612 915 1671 nestri
927 1613 992 1669 Iesn

189 1710 296 1769 Christi
311 1712 340 1769 et
355 1712 548 1770 sacratissima
562 1713 677 1768 nemina
691 1712 720 1768 et
741 1712 827 1769 verba
849 1713 909 1770 eins
924 1714 993 1770 seri·

189 1812 248 1882 pta,
275 1827 347 1882 quae
369 1808 550 1867 sanctificant
571 1826 681 1882 eorpus.
704 1811 822 1880 Scimus,
844 1811 910 1883 qnia
937 1827 992 1867 nen

189 1908 284 1980 petest
298 1925 358 1965 esse
369 1898 484 1984 ‚eorpus
501 1905 554 1964 nisi
571 1909 650 1979 prius
660 1908 854 1966 sanctificetur
868 1927 884 1966 a
900 1908 993 1966 verbe.

189 2005 267 2064 Nihil
284 2006 358 2063 enirn
373 2004 510 2064 hebernus
524 2006 553 2062 et
568 2006 694 2062 videmus
705 2007 891 2079 corporaliter
902 2008 929 2062 in
942 2005 994 2062 hnc
1075 1999 1082 2007 ’

189 2084 300 2161 sternio
321 2103 354 2160 de
376 2105 437 2175 ipso
459 2104 619 2174 Altissirne,
640 2106 693 2160 nisi
716 2122 819 2176 eorpus
840 2106 869 2162 et
883 2105 994 2176 sangni-

189 2218 262 2267 nem,
285 2203 398 2259 nomina
421 2201 449 2258 et
471 2197 566 2269 nertin
591 2220 639 2273 per
660 2220 732 2274 qnae
754 2203 820 2259 faeti
847 2219 945 2259 snmus
966 2202 995 2258 et
1021 2243 1024 2245 Α

190 2299 327 2371 redempti
350 2299 383 2356 de
405 2300 494 2357 rnerte
517 2301 551 2357 ad
575 2302 672 2359 vitain.

269 2397 373 2455 Omnes
394 2398 488 2454 autent
513 2398 553 2455 iiii
576 2401 623 2470 qui
646 2399 814 2455 ministrant
842 2399 900 2455 tarn
929 2416 995 2456 san·

189 2496 315 2552 ctissime
331 2497 466 2568 mysteria
476 2495 531 2572 (α),
543 2496 723 2553 considerent
734 2497 811 2553 intra
826 2514 864 2565 se,
877 2499 996 2555 maxime

188 2593 216 2648 hi
239 2594 285 2664 qni
308 2593 457 2650 indiscrete
482 2593 656 2660 ministrant,
679 2611 762 2665 qnam
786 2595 856 2675 viies
878 2597 936 2652 sint
950 2613 996 2652 ea-

188 2691 265 2757 liees
294 2692 453 2763 corporalia
482 2693 511 2748 et
539 2692 714 2759 linteamina,
743 2688 793 2750 nbi'
819 2694 997 2752 sacrificatur

187 2805 289 2860 eerpns
311 2789 340 2846 et
362 2793 479 2862 sangnis
500 2791 613 2848 ¹Domini
637 2793 729 2850 nostri
744 2792 810 2849 Iesn
827 2792 942 2850 Christi.
957 2793 996 2849 Et

188 2905 205 2945 a
227 2889 325 2946 inuitis
346 2889 373 2945 in
396 2889 464 2946 loeis
486 2890 591 2948 viiibns
613 2892 784 2968 relinquitur
806 2892 835 2949 et
850 2893 995 2950 miserabi-
