2284 3425
147 255 151 260 Α
207 215 245 272 92
519 233 655 274 nrrsronn
676 233 696 274 1.

269 422 453 494 'Spociaiitor
472 423 568 480 autom
597 422 731 495 religiosi,
751 423 799 496 qui
827 422 1009 480 renuntiara-

206 519 275 577 runt
288 520 408 588 saecuto,
423 520 575 578 tencantur
587 521 670 592 plura
683 520 713 578 ot
726 522 834 579 maiora
847 517 1006 594 facerem),

205 619 255 676 sed
275 620 335 676 tcto
354 635 415 676 non
435 618 580 676 dimittere
593 617 650 692 (1).

286 717 427 774 Debemus
453 717 516 776 odio
543 715 648 775 habero
674 733 793 790 corpora
816 717 916 776 nostra
943 734 1005 775 cum

205 815 283 872 vitiis
308 816 338 871 et
364 816 496 887 peccatis,
518 817 584 888 quia
605 815 743 874 Dominus
770 815 838 873 dicit
864 817 893 873 in
914 814 1007 874 Euan

203 913 277 986 gotio
289 913 350 989 (2):
371 912 473 970 Omnia
488 914 559 971 uitia
572 913 602 971 ot
617 915 734 987 peccata
748 913 782 971 de
795 914 880 972 corde
894 917 1005 972 mant.

204 1011 348 1070 Mtemuc
375 1011 498 1085 ‹titiyerc
525 1013 663 1072 inimicos
693 1015 811 1071 nostros
837 1005 865 1070 ct
896 1010 1006 1082 mnesa-

202 1125 266 1166 cere
293 1109 341 1168 tiis
368 1111 420 1182 qui
447 1109 574 1168 oderunt
599 1128 654 1170 nos
669 1111 723 1184 (3).
754 1111 893 1169 Debemus
913 1111 1006 1169 obser·

204 1225 271 1265 varo
299 1208 450 1282 praccepta
476 1208 506 1266 ot
531 1209 650 1268 consilia
678 1208 790 1268 Domini
817 1209 908 1269 nostri
939 1210 1005 1268 lusu

203 1306 319 1366 Christi.
342 1306 481 1366 Debemus
501 1307 586 1365 etiam
608 1308 796 1380 nosmetipsos
816 1308 958 1380 abnegare
975 1309 1005 1364 ct

203 1421 306 1476 ponere
339 1421 457 1478 corpora
491 1408 592 1464 nostra
619 1406 672 1464 sub
704 1407 771 1481 iugo
801 1405 949 1465 servitutis
975 1407 1006 1462 ot

202 1505 318 1562 sanctae
341 1505 524 1574 obedientiae,
552 1507 627 1563 sicut
654 1508 847 1579 unusquisque
874 1505 1005 1580 promisit

204 1603 331 1662 Domino.
353 1603 391 1660 Et
412 1604 509 1661 nulius
530 1602 613 1663 homo
642 1603 774 1662 teneatur
793 1623 826 1662 ox
847 1603 1004 1663 obediontia

202 1701 312 1760 obedire
333 1703 417 1761 alicui
431 1703 460 1761 in
476 1719 516 1772 oo,
531 1700 578 1761 ubi
591 1703 635 1778 (t)
656 1703 844 1762 committitur
859 1703 1003 1777 peccatum

203 1802 246 1859 roi
267 1800 410 1859 delictum.

281 1900 461 1967 limantem,
482 1902 526 1958 cui
548 1900 705 1959 obediontia
725 1903 874 1960 commissu
898 1901 952 1975 cst,
974 1901 1004 1959 et
1097 1942 1100 1951 .

202 1999 253 2069 qui
274 1997 396 2056 habetur
416 2000 521 2067 maior,
541 2001 584 2057 sit
602 2000 679 2057 sicut
699 2000 797 2057 minor
811 2000 856 2074 (4)
877 2000 907 2057 ot
933 2000 1003 2057 aiio·

202 2114 265 2153 runi
285 2096 406 2153 fratrum
430 2114 529 2155 seruus
550 2098 579 2155 et
600 2098 627 2154 in
650 2098 779 2172 singulos
804 2097 909 2156 fratros
935 2114 1024 2157 suos-

202 2195 421 2253 misericordiam
442 2194 529 2253 faciat
549 2196 579 2252 ot
599 2194 713 2264 baboni,
734 2214 818 2269 quam
840 2196 928 2255 uellet
947 2197 1002 2255 sibi

201 2292 271 2364 ficri,
293 2294 317 2349 si
339 2294 367 2349 in
388 2293 526 2351 consimili
557 2310 624 2351 casu
653 2295 736 2353 essct.
758 2294 818 2352 Noc
843 2311 875 2353 ox
900 2294 1003 2353 delicto

201 2390 300 2447 fratris
320 2392 461 2449 irascatur
481 2392 510 2448 in
539 2390 666 2460 fratrom,
688 2392 736 2450 sad
756 2409 819 2450 cum
847 2393 923 2451 omni
951 2409 1003 2466 pa·

200 2490 302 2547 tientia
326 2488 356 2546 ot
382 2488 543 2549 humilitate
570 2492 664 2563 ipsum
693 2491 811 2565 benigna
836 2491 949 2551 moneat
972 2492 1003 2549 ct

114 2655 118 2663 Ι
200 2588 349 2645 sustineat.

265 2820 287 2876 1)
305 2820 361 2865 Luc.
382 2818 419 2878 li,
437 2819 475 2865 4⁶2.
695 2820 720 2879 2)
738 2820 827 2868 nacon.
847 2820 884 2878 15,
904 2820 947 2873 18„
962 2820 1000 2868 19.

263 2899 287 2957 3)
304 2898 361 2945 Luc.
378 2900 402 2957 6,
418 2899 458 2947 27.
694 2901 719 2959 t)
737 2901 792 2947 Luc.
808 2900 849 2959 22,
865 2900 904 2948 28.
