2284 3425
281 169 317 210 no
338 167 468 212 annuens
488 169 625 211 onnusun
645 147 786 212 annosum.
876 153 932 211 165

129 357 283 432 antequam
299 375 349 430 per
362 359 504 417 dominnm
519 358 677 420 Honorium
691 375 796 432 papam
810 357 935 418 bullare-

129 455 188 525 tur,
204 457 348 515 nonnrrlla
358 459 428 515 sunl
442 445 708 516 brevitatis'studie
723 458 833 516 omissa
844 456 889 534 (1)
904 481 933 514 ι.

212 553 334 613 Admitti
365 556 450 613 etiem
483 556 590 629 nequit,
618 556 691 628 qued
720 556 850 614 Sabatier
877 558 933 615 alie

128 655 190 712 leco
211 654 293 713 dieii:
321 655 515 726 «spirituales
530 655 634 713 saeculi
645 655 723 714 XIV.
738 655 863 716 ineuntis
878 672 933 713 nen

129 753 264 812 somniati
285 752 354 810 sunt
374 751 506 811 adhibere
521 754 649 827 regulam
665 755 784 826 primam
797 751 882 830 (2)»;
897 753 933 811 ad

128 850 203 924 quod
225 849 405 908 refutandum
426 852 482 908 iem
511 851 625 921 suffieit,
654 851 688 910 nt
714 854 807 924 ipsum
836 852 932 911 durem

129 949 334 1022 spiritualium,
356 949 392 1006 ir.
413 949 555 1023 Angelum
571 949 733 1024 Clarenum,
747 952 933 1021 nominemus,

128 1047 177 1120 qui
200 1063 335 1119 persaepe
355 1047 384 1104 in
406 1063 458 1105 sue
479 1048 652 1119 expositione
664 1050 789 1122 regulae,
804 1049 933 1122 reguiam

129 1145 251 1218 primam
274 1145 390 1218 allegat.
412 1145 469 1204 Ille
490 1147 641 1218 oppositio,
661 1165 745 1220 qnam
771 1148 807 1205 ol.
834 1147 934 1205 auctor

58 1249 61 1256 '
129 1245 190 1302 suis
212 1244 325 1316 placitis
346 1243 500 1302 obstrietus
525 1245 601 1302 inter
629 1246 779 1319 utramque
805 1247 932 1320 regulam

129 1341 258 1400 statuere
286 1342 359 1410 vult,
387 1359 442 1400 nen
471 1342 577 1410 existit,
605 1343 635 1400 et
661 1345 749 1416 eaput
775 1343 836 1401 XV.
866 1360 933 1402 snae

129 1440 214 1498 Vitae
235 1439 262 1498 S.
285 1440 426 1498 Francisei
448 1440 524 1498 haud
551 1441 683 1500 convenit
702 1442 848 1501 historiae.

197 1524 238 1598 44.
262 1538 306 1596 Ad
326 1539 475 1598 editionem
499 1540 614 1612 regulae
633 1541 749 1612 primae
775 1539 933 1598 faciendam

129 1637 311 1696 adhibuimus
325 1637 431 1695 eediees
446 1638 500 1706 An,
517 1637 540 1696 O
555 1639 584 1696 et
597 1639 637 1706 Is,
658 1655 766 1697 necnon
787 1639 933 1706 editiones,

129 1753 202 1811 quas
216 1736 376 1809 Speculum,
398 1736 581 1795 Monumenta
601 1738 630 1795 et
643 1737 837 1796 Firmamenta
852 1754 935 1810 prae·

130 1833 209 1891 bent.
231 1832 343 1891 Pluries
363 1833 503 1891 adivimus
518 1835 706 1907 expositiones
720 1821 811 1892 dictas
825 1833 861 1892 fr.
876 1834 933 1892 Hu-

128 1933 212 2007 genis
233 1932 262 1989 et
275 1931 311 1989 fr.
328 1932 439 1989 Olareni
454 1948 486 1989 ao
501 1948 573 2005 opus
587 1932 694 2002 Pisani,
709 1934 755 2005 qui
771 1934 868 2005 partes
889 1950 934 1991 re·

128 2030 344 2105 gulae-primae¹
364 2031 546 2089 inseruerunt
561 2030 616 2105 (3).

196 2272 219 2331 l)
237 2272 301 2317 Mon.
319 2271 360 2318 iol.
378 2270 441 2326 46η
465 2270 539 2319 Firm.
562 2271 605 2318 fol.
629 2272 687 2319 sev.
714 2298 742 2307 -
769 2272 818 2319 cfr.
845 2272 932 2337 Ehrle,
996 2297 1001 2306 ι

129 2354 303 2401 Controversen
328 2352 383 2398 noer
407 2352 444 2398 die
466 2351 574 2409 rnrenge
598 2352 638 2398 des
663 2352 886 2410 Minoritenerdens,
908 2352 932 2398 in

129 2430 272 2479 Zeitschrift
281 2430 320 2477 sur
331 2430 480 2479 katholisehe
492 2430 627 2489 Theolegie,
645 2434 666 2481 t.
678 2432 721 2480 Xl.
734 2446 789 2491 pag.
803 2433 857 2479 725.
867 2446 932 2490 seqq.

125 2560 131 2564 ,
193 2513 218 2570 2)
236 2502 369 2571 Speculum,
385 2526 440 2571 pag.
458 2512 513 2558 LX:
535 2513 574 2559 «Δ
591 2512 709 2571 partirde
724 2514 897 2571 Bonareuture,
908 2514 933 2559 le

130 2594 197 2651 regie
213 2592 332 2651 primitive
349 2594 426 2639 tombe
443 2592 502 2639 daus
519 2592 613 2640 l'onbli.
635 2594 679 2641 Les
696 2593 864 2641 Franciseains
886 2594 932 2654 spi·

129 2674 216 2721 rituels
233 2673 263 2719 dn
280 2674 475 2721 commendement
492 2673 522 2719 du
538 2672 602 2721 llll.
616 2674 687 2721 siecle
703 2688 732 2721 ne
748 2674 875 2731 sengtrent
891 2688 934 2734 pas

130 2754 145 2802 ri
163 2754 211 2800 l'en
230 2752 324 2799 tirer».

195 2834 219 2893 3)
237 2833 265 2892 0,
282 2832 305 2879 ls
322 2834 347 2879 et
363 2832 402 2879 Pis
419 2832 510 2892 pluries
526 2833 590 2881 inter
605 2848 631 2882 se
647 2836 800 2883 conueniunt.
