2284 3425
255 223 467 270 rrsarneneon
488 226 511 270 s.
535 223 638 270 emmo
659 223 819 302 crraenorsor.¹
898 205 933 268 81

131 419 162 476 et
182 414 323 487 infirmus,
345 420 440 477 tamen
462 432 573 491 semper
595 420 658 478 voio
678 417 781 476 babere
795 419 943 486 clericum,‘

131 519 180 590 qui
202 517 271 575 mihi
293 518 380 576 faciem
407 505 540 587 officium,
562 519 636 576 siout
664 519 692 575 in
721 517 820 591 regula
848 516 938 576 conti-

132 618 229 674 netur.
254 687 256 691 ·
871 675 872 678 ,

213 715 253 772 Et
273 731 369 774 omnes
389 716 439 773 aiii
462 716 566 774 iratres
588 716 739 774 teneantur
760 715 802 772 ita
827 714 936 774 obedire

131 815 300 887 guardianis
321 816 381 873 suis
401 817 431 872 et
451 814 541 873 iacere
563 814 683 880 officinm
713 814 866 872 seeundum
884 825 937 872 *re-

131 913 240 986 guiam.
263 913 301 970 Et
321 915 368 986 qui
394 914 504 970 inventi
525 912 631 981 essent,
652 914 699 986 qni
729 929 784 970 non
813 912 938 971 facerent

132 1011 255 1070 officium
277 1011 430 1070 secundnm
452 1013 579 1085 reguiam
602 1011 631 1068 et
653 1011 759 1068 vellent
779 1011 835 1070 aiio
857 997 952 1070 modo

133 1111 246 1168 variare
266 1110 319 1167 aut
346 1127 401 1172 non
423 1112 519 1168 essent
540 1109 680 1178 catholici,
703 1108 936 1168 omnesfratres.

132 1209 301 1281 ubicumque
316 1210 394 1276 sant,
410 1225 459 1281 per
476 1208 662 1266 obedientiam
678 1207 838 1275 teneantur,
854 1207 936 1280 quod,

132 1306 301 1379 ubicumque
313 1308 475 1365 invenerint
489 1307 610 1380 aliquem
625 1307 760 1392 ipsorum,
776 1307 937 1378 proximiori

131 1405 244 1463 custodi
266 1406 344 1463 illius
365 1407 427 1473 ioci,
451 1406 496 1464 ubi
519 1407 611 1478 ipsum
634 1395 803 1473 invenerint,
818 1404 940 1464 debeant

132 1505 359 1576 repraesentare.
387 1503 426 1560 Et
453 1505 549 1562 custos
577 1502 698 1561 firmiter
728 1504 859 1562 teneatur
888 1521 938 1576 per
979 1555 981 1560 .

77 1625 82 1635 ·
131 1603 322 1660 obedientiam
343 1604 437 1674 ipsum
452 1603 566 1661 fortiter
586 1602 727 1660 custodire
743 1602 826 1660 sicuti
847 1601 937 1660 homi-

132 1720 197 1759 nem
220 1702 248 1759 in
271 1702 392 1759 vinculis
412 1701 456 1759 die
478 1702 627 1775 noctuque,
649 1700 690 1759 ita
710 1701 783 1775 qnod
806 1718 861 1760 non
878 1718 939 1775 poo-

132 1802 173 1858 sit
194 1801 267 1873 eripi
288 1801 322 1858 de
343 1801 474 1858 manibus
494 1803 563 1869 suis,
577 1800 663 1859 donec
678 1801 794 1873 propria
809 1818 937 1873 suaper·

132 1915 204 1957 sona
225 1882 391 1971 repraesent
409 1901 421 1954 t
442 1916 506 1957 enm
528 1901 556 1956 in
580 1899 710 1961 manibus
733 1900 776 1955 sni
806 1899 937 1957 ministri.

131 1997 173 2055 Et
205 1998 335 2055 minister
363 1997 485 2055 firmiter
514 1998 646 2055 teneatur
675 2014 725 2069 per
752 1997 937 2055 obedientiam

132 2095 248 2153 mittero
260 2093 305 2172 (a)
327 2098 420 2169 ipsum
437 2112 487 2168 per
500 2095 575 2153 tales
589 2095 704 2162 fratros,
719 2096 766 2167 qui
782 2093 825 2151 dio
840 2095 938 2152 nocto-

130 2211 188 2267 que
208 2194 371 2253 costodiant
392 2196 484 2266 ipsum
507 2194 581 2251 sicut
602 2192 741 2252 hominem
765 2194 792 2249 in
809 2192 937 2264 vinculis,

130 2293 220 2351 donec
235 2294 451 2365 repraesentent
466 2294 557 2364 ipsum
574 2291 667 2350 coram
679 2291 790 2349 domino
804 2290 937 2359 Ostiensi,
975 2322 978 2330 .

131 2393 181 2465 qui
213 2390 259 2448 est
288 2391 428 2460 dominus,
457 2390 600 2463 protector
629 2390 657 2447 et
681 2390 821 2448 corrector
848 2389 937 2448 totius

132 2488 329 2548 fraternitatis
345 2489 399 2567 (b).
524 2494 527 2499 “

208 2588 254 2645 'Et
274 2604 330 2647 non
351 2590 448 2646 dicant
462 2588 581 2646 iratres:
597 2586 674 2645 Haec
688 2587 732 2644 est
746 2586 803 2643 alia
822 2588 937 2659 regula:

132 2688 200 2760 qnia
220 2686 291 2745 haec
311 2688 356 2744 est
377 2687 541 2754 recordatio,
556 2686 711 2745 admonitio
732 2686 761 2742 et
779 2684 937 2742 exhortatio

131 2787 162 2844 et
176 2803 270 2844 meum
286 2773 499 2852 testamentum,
509 2785 583 2857 qnod
598 2801 649 2857 ego
664 2784 753 2842 irater
768 2783 937 2841 Francisons

132 2885 274 2959 parvolus
306 2884 377 2941 facio
408 2882 487 2941 vobis
518 2882 657 2939 fratribus
689 2884 756 2939 meis
784 2880 937 2939 benedictis

861 3007 870 3048 i
