2284 3425
173 189 175 198 ⁴
218 186 275 245 170
459 202 624 245 assisinos
643 202 773 245 cnrmcos

217 395 304 454 Pater
324 395 455 454 caelestis
477 395 671 468 pergratiam
693 411 773 452 snam
795 411 842 453 cor
864 412 955 452 meum
982 393 1022 450 di·

215 495 322 570 gnatus
343 493 387 552 est
408 494 563 560 illustrare,
586 493 620 551 ut
633 493 760 565 exemplo
774 481 806 551 et
815 491 944 551 doctrina
958 492 1021 549 bea·

216 593 318 652 tissimi
340 592 432 665 patris
447 592 538 651 nostri
553 593 645 650 sancti
660 592 802 650 Francisci
818 590 1020 664 poenitentiam

217 691 345 760 facerem,
369 691 454 764 paulo
476 691 540 764 post
554 689 765 750 conversionem
780 691 871 763 ipsius
886 707 942 747 una
957 706 1020 747 cum

216 790 360 849 sororibus
383 791 451 846 meis
471 789 658 848 obedientiam
687 790 847 850 voluntarie
875 788 930 846 sibi
959 804 1021 860 pro

218 890 290 946 misi.
313 887 471 945 Attendens
492 889 587 945 autem
603 889 702 947 boatus
717 890 808 962 pater,
822 887 895 961 qood
911 887 1019 944 nuttam

218 987 425 1060 paupertatem,
449 981 583 1051 laborem.
599 987 821 1055 tribulationem,
838 985 977 1044 vilitatem
992 984 1021 1042 et

217 1084 410 1158 contemptum
432 1085 536 1142 saecuti
556 1085 729 1157 timeremus,
743 1087 828 1142 immo
844 1100 894 1157 pro
910 1084 1021 1156 magnis

218 1183 325 1241 deliciis
346 1182 523 1252 haberemus,
546 1184 652 1255 pietate
678 1183 771 1241 motos
797 1182 913 1255 scripsit
939 1181 1021 1240 nobis

218 1281 336 1341 termam
360 1281 471 1340 vivendi
492 1283 520 1339 in
543 1282 618 1340 hunc
631 1282 759 1340 modum:
775 1281 856 1351 ,Quia
876 1281 1016 1338 divina‘»

217 1381 281 1449 etc,
303 1380 353 1437 cir.
376 1396 464 1452 sopra
486 1396 551 1452 pag.
575 1379 622 1436 75.

298 1479 326 1535 2.
342 1477 444 1536 Paucis
459 1478 523 1549 post
538 1479 623 1535 annis
636 1477 788 1534 cardinalis
802 1476 965 1550 Hogolinns
979 1492 1021 1534 so·

219 1576 330 1634 roribus
344 1575 421 1634 dedit
435 1576 563 1648 reguiam
578 1594 595 1632 a
610 1576 636 1634 S.
653 1576 802 1634 Francisco
820 1573 1020 1646 «acceptatam

218 1690 324 1733 necnon
341 1691 390 1747 per
405 1673 561 1733 Honoriom
579 1691 680 1748 papam
692 1673 923 1740 continuatam»,
935 1689 1021 1746 qoam
1121 1668 1122 1673 ’

223 1772 333 1830 «Clara
354 1772 382 1830 et
403 1790 513 1831 sorores
534 1773 698 1831 solemniter
719 1774 787 1830 sont
806 1772 972 1846 professae»
992 1771 1021 1828 et

220 1888 269 1943 per
283 1872 389 1929 multos
403 1888 492 1929 annos
513 1886 529 1923 'c
540 1871 723 1929 landabiliter
737 1871 926 1929 observarunt
934 1869 980 1945 (1)
992 1893 1019 1926 ».

219 1968 295 2037 Quae
318 1969 403 2053 rerba
425 1968 551 2042 Gregorii
567 1969 617 2027 IX.
633 1970 677 2027 die
693 1969 739 2027 13.
755 1970 915 2027 novembris
930 1968 1020 2025 1243.
1120 2003 1121 2008 κ

218 2067 254 2123 ab
275 2067 441 2125 Innocentio
460 2068 511 2125 IV.
527 2069 704 2139 repetantur,
720 2069 766 2140 qni
781 2068 817 2124 ed
832 2068 865 2124 B.
880 2068 1018 2139 Agnatem

218 2165 348 2223 Boemiae
363 2165 396 2222 de
410 2166 463 2223 hec
478 2166 577 2239 regula
590 2166 743 2224 cardinatis
758 2165 892 2239 Hn'golini
907 2164 1019 2223 scribit:

225 2265 368 2322 «Sorores
396 2265 558 2322 monasterii
587 2265 678 2322 sancti
707 2264 847 2322 Damiani.
864 2281 897 2322 eo
924 2280 1020 2323 omnes
1119 2305 1121 2338 ;

219 2363 291 2419 aliae
312 2361 353 2419 tui
375 2362 481 2420 ordinis
502 2363 620 2420 iliama
649 2362 831 2435 professionis
859 2379 926 2420 suae
953 2362 1020 2421 tem-

283 2630 305 2687 1]
324 2628 372 2678 Cir.
393 2630 533 2687 Bullerinm
550 2631 568 2677 l.
587 2643 608 2676 c.
626 2643 680 2688 pag.
698 2629 753 2675 242.
772 2630 862 2687 Regula
878 2630 979 2675 habetur
996 2629 1020 2675 tm

218 2710 285 2756 bullo
302 2709 411 2768 Gregorii
426 2711 469 2757 IX.
490 2711 549 2757 Cum
565 2712 646 2756 omnis
662 2724 720 2756 vara
737 2710 765 2755 de
780 2710 820 2758 24.
838 2709 895 2756 maii
907 2708 979 2756 laco.
996 2712 1021 2756 et
1117 2709 1118 2762 j

219 2788 244 2835 in
261 2790 327 2837 bolla
342 2790 475 2839 Innocentii
491 2792 531 2838 lv.
551 2786 620 2839 Solet
636 2805 747 2838 erenum
762 2790 791 2836 de
812 2790 849 2837 13.
872 2803 927 2837 nov.
951 2789 1019 2836 12⁴5.

221 2867 280 2926 (Cir.
298 2870 439 2930 bullarium,
456 2872 473 2919 l.
491 2884 511 2917 c.
529 2884 585 2931 pag.
603 2870 658 2918 268.
675 2873 700 2918 et
717 2870 794 2930 esa).
851 2894 859 2912 ο
