2284 3425
203 244 242 300 46
526 259 638 300 necnee
660 259 679 298 1.

101 456 103 461 '
203 447 317 518 fociant
328 447 382 522 (1).
404 446 511 521 Videte,
525 465 561 505 ne
576 447 734 505 turbemini
745 449 800 521 (2).
811 447 849 505 In
861 447 1007 518 patientia

204 548 277 604 onim
299 550 395 605 oestro
412 546 601 618 possidebitis
622 543 739 606 animae
753 549 864 604 vestrae
876 545 930 618 (3).
947 545 1007 620 ‘Qui

205 648 301 702 aniene
313 646 539 718 perseveraverit
559 661 650 716 usqne
671 645 704 703 in
723 645 821 717 finem,
840 644 886 702 hic
906 643 1008 702 salens

205 744 262 801 erit
275 742 330 816 (4).

365 948 459 1007 XVII.
481 981 520 988 -
541 946 582 1006 De
603 944 847 1023 praedicatoribus.

287 1134 393 1192 Nullus
421 1135 543 1193 fratrum
578 1135 736 1208 praedicet
755 1135 854 1194 contra
889 1135 1025 1193 formem·
1135 1203 1136 1216 χ

189 1217 236 1290 et
260 1233 467 1292 institutionem
497 1235 613 1292 sanctae
645 1250 777 1292 romanae
808 1234 953 1292 Ecclesiae
980 1236 1009 1290 et
1085 1229 1088 1235 ’
1135 1229 1136 1272 ῑ

207 1333 260 1389 nisi
282 1348 443 1390 concessum
466 1332 519 1389 sibi
542 1331 629 1392 inerit
650 1332 812 1390 aministro
827 1330 886 1392 suo}
903 1331 1009 1388 Caveat
1135 1321 1136 1334 ¹

165 1428 169 1433 ’
208 1445 273 1487 vero
294 1429 347 1486 sibi
371 1430 508 1499 minister,
531 1448 566 1488 ne
586 1431 670 1488 alicui
692 1431 841 1488 indiscrete
865 1430 1008 1488 concodat.

207 1527 311 1584 Omnes
333 1529 427 1585 tamen
443 1528 547 1586 iratres
562 1528 694 1602 operibus
711 1529 881 1600 praedicent.
896 1528 934 1586 Et
949 1529 1010 1586 nol·

206 1626 253 1682 lus
267 1626 397 1684 minister
414 1628 461 1704 ¹nel
485 1628 663 1700 praedicator
688 1628 854 1699 appropriet
880 1627 932 1684 sibi
962 1629 1008 1684 mi·

208 1724 355 1801 nistorium
372 1725 493 1783 fratrum
507 1727 551 1800 (α)
576 1728 618 1783 vel
640 1726 759 1784 officium
784 1726 1011 1798 praedicandis,

208 1823 255 1880 sed
277 1840 452 1895 quacumque
463 1823 534 1882 hora
544 1826 568 1881 ei
586 1825 742 1881 iniunctum
754 1824 848 1892 suerit,
861 1826 920 1881 sine
935 1826 1008 1882 ornni

208 1921 428 1980 contradictione
449 1922 578 1980 dimittat
600 1934 679 1980 strom
703 1922 832 1980 officium.
857 1922 935 1979 Unde
963 1922 1009 1981 de-

210 2036 307 2091 precor
328 2020 354 2078 izi
376 2022 510 2089 caritate,
532 2038 608 2092 puae
623 2021 703 2079 Dens
724 2018 832 2095 esitii),
849 2020 1011 2080 ornnestre·

209 2118 268 2177 tres
284 2136 358 2178 meos
374 2119 590 2191 praedicatoren,
606 2119 742 2185 oroioroS,
754 2118 939 2185 laboratoroS,
951 2118 1010 2175 tarn
1071 2182 1074 2190 ¹

208 2218 323 2277 clericos
350 2236 434 2289 quarn
463 2201 558 2289 latone,
588 2219 620 2274 ot
648 2216 783 2275 studeant
811 2234 840 2274 se
862 2216 1011 2275 humiliare
1110 2240 1136 2295 -j

209 2317 238 2372 in
260 2316 398 2383 omnibne
421 2332 476 2373 non
497 2316 614 2387 gloriari
638 2317 737 2372 necin
761 2332 790 2372 se
818 2315 940 2388 gaudere
961 2332 1011 2371 nec

210 2414 330 2470 interius
351 2430 380 2470 se
401 2414 527 2471 exaltare
548 2414 582 2471 de
604 2413 684 2471 bonis
706 2413 799 2471 verbis
821 2414 852 2472 et
870 2412 1010 2493 operibns,

210 2514 294 2569 immo
315 2512 348 2568 de
370 2511 449 2570 notio
471 2512 551 2580 bono,
574 2512 646 2584 quod
663 2512 737 2569 Dens
753 2512 820 2569 dicit
838 2512 882 2569 voi
901 2512 969 2570 facit
983 2512 1012 2569 et

276 2763 299 2820 l)
316 2761 405 2807 Metth.
426 2761 463 2819 10,
481 2763 524 2815 ‘283
545 2762 599 2807 Luc.
619 2761 688 2807 124.

273 2842 298 2898 e)
316 2842 405 2889 naeth.
423 2843 462 2898 24,
481 2844 504 2888 c.
715 2842 738 2899 a)
758 2842 810 2887 nuc.
831 2842 872 2900 er,
894 2842 929 2887 ie.

273 2923 297 2981 4)
318 2922 408 2970 Metto.
429 2924 465 2982 10,
483 2924 521 2971 22.
633 2938 635 2943 ’
716 2923 740 2980 5)
759 2921 926 2971 crr.1.loen.
945 2921 969 2982 4,
986 2922 1009 2970 8.
