2284 3425
204 202 262 261 104
425 282 430 290 Ι
510 219 645 262 rurerenr
666 219 697 263 11.

283 410 382 468 Moneo
403 409 553 482 prepterea
565 405 610 485 (a)
632 407 661 466 et
675 408 807 468 exhortor
825 409 853 466 in
876 408 1005 476 Domine,

134 508 136 515 ’
150 566 153 577 p
203 509 236 566 ut
249 509 278 566 in
293 509 371 581 lucie,
383 509 411 566 in
423 507 525 582 quibus
536 507 642 566 iratres
654 509 810 582 merentur,
823 525 879 566 nna
891 507 1002 566 tantum

203 608 291 664 missa
309 607 466 665 celebretur
481 605 509 663 in
524 606 568 664 die
583 607 736 664 secundum
752 606 870 667 termam
889 605 1004 664 sanctum

202 704 401 782 ecclesiae(1).
425 706 453 763 Si
469 721 535 764 vern
550 705 647 778 plnres
668 706 696 764 in
715 706 775 765 lece
795 704 902 764 fuerint
916 721 1005 764 secer·

166 858 168 861 ,
203 804 292 872 detes,
307 805 345 862 eit
360 822 410 878 per
423 821 547 862 aurorem
561 805 692 862 caritatis
706 805 780 862 alter
794 803 943 864 contentus
958 819 1006 860 au·

203 902 263 960 dita
277 903 463 960 celebratione
474 902 595 960 alterius
610 902 779 984 sacerdotie3
795 903 861 974 quia
876 917 1007 974 praesen·

204 1002 247 1059 tes
267 1002 297 1059 et
309 1000 442 1058 absentee
456 1002 556 1074 replet,
571 1002 620 1075 qni
635 1018 667 1061 en
681 1001 759 1074 digni
774 1000 852 1068 eunt,
867 1000 1006 1058 Dominus

203 1101 284 1158 Iesus
305 1099 447 1158 Christus.
469 1100 531 1168 dur,
552 1101 620 1158 lieet
641 1101 668 1156 in
691 1099 822 1172 pluribus
847 1099 915 1158 locis
944 1116 1006 1156 esee
1031 1163 1035 1170 ¹

203 1199 342 1283 videatur,
357 1200 452 1258 temen
463 1199 644 1258 indivisibilis
659 1199 754 1257 menet
768 1199 797 1258 et
811 1200 907 1272 aliqua
920 1197 1006 1256 detri-

203 1300 300 1356 menta
319 1315 375 1357 nen
396 1300 485 1368 norit,
507 1298 555 1357 sed
577 1298 782 1371 undantique,
804 1298 877 1356 elcut
897 1299 920 1356 ci
944 1297 1008 1370 pla-

203 1397 256 1463 cet,
278 1397 413 1470 operetur
434 1381 497 1456 cum
521 1397 640 1456 Domine
662 1397 719 1454 Dee
740 1395 827 1454 Patre
848 1397 876 1454 et
897 1396 1006 1468 Spiritu

185 1497 302 1554 =eanct0
322 1496 471 1554 Paraclete
486 1491 520 1553 'in
543 1495 655 1554 saecula
677 1495 861 1553 saeculorum.
884 1493 984 1552 Arnen.

284 1595 330 1664 ldt,
353 1597 419 1668 quia
434 1597 486 1667 qui
499 1612 533 1652 ex
547 1595 610 1653 Deo
632 1597 674 1653 eet
687 1594 772 1652 cerna
787 1592 841 1653 Dei
856 1593 960 1670 audit(
983 1595 1005 1668 J,

203 1679 336 1750 debemus
351 1692 467 1765 preinde
481 1708 541 1760 nee,
556 1693 604 1766 qni
620 1692 770 1765 specialius
784 1691 888 1749 divinis
907 1707 1007 1751 sumne

203 1790 302 1848 officiis
316 1789 455 1863 deputati,
470 1806 525 1849 non
548 1792 639 1848 eclum
660 1790 758 1847 audire
779 1790 807 1847 et
828 1788 1006 1863 facerequae

203 1889 273 1946 dicit
288 1889 372 1959 Beue,
391 1900 487 1947 verum
510 1889 595 1948 etiem
617 1890 652 1948 ad
668 1889 867 1948 insinuandam
880 1890 909 1946 in
924 1888 1006 1949 nobis

202 1988 382 2046 altitudinem
396 1988 539 2047 Creatoris
550 1988 640 2047 nostri
652 1990 681 2046 et
692 1990 720 2045 in
732 1988 794 2060 ipsc
805 1987 1006 2045 subiectionem
1019 2047 1026 2058 ,

203 2086 330 2144 nestram
354 2102 422 2143 vase
443 2088 472 2143 et
493 2086 624 2144 officialia
645 2085 740 2143 cetera
761 2086 911 2155 custodire,
933 2102 1006 2158 qnae

268 2246 290 2305 1)
308 2246 371 2292 Hace
388 2246 460 2292 verba
477 2260 492 2291 a
509 2241 630 2304 Philippo
642 2244 822 2291 Mazaaohrnoa
838 2244 863 2291 in
882 2246 1006 2305 Apolnpe'a

204 2322 372 2385 Confeceicnir
388 2328 551 2383 Arepaatcnce
569 2326 627 2383 (ert.
639 2326 666 2371 dc
678 2324 761 2384 Missa)
779 2326 866 2383 absque
882 2325 933 2373 iure
951 2338 1005 2373 cun·

202 2410 241 2453 tra
258 2406 342 2453 missus
358 2406 465 2465 privatae
487 2405 640 2463 adhibentur,
658 2418 717 2463 qnae
738 2406 763 2453 S,
782 2406 920 2454 Franciecue
940 2408 1006 2455 nullo

202 2488 269 2535 mede
288 2486 447 2547 reprehendit.
469 2513 500 2521 -
516 2483 599 2536 Verba
623 2479 769 2534 «secundum
790 2487 886 2539 turmam
908 2490 1007 2537 sanctae

202 2568 334 2616 ecclesiae»
358 2568 513 2626 «exponenda
530 2569 587 2613 eunt
603 2568 632 2613 dc
650 2568 705 2613 rica
721 2582 831 2615 romanae
852 2567 964 2617 ecclesiae
980 2568 1007 2621 in

202 2649 288 2696 rnieeae
303 2646 461 2695 celebratione
476 2649 630 2707 observande,
652 2664 698 2695 neu
719 2649 841 2696 referenda
863 2650 892 2697 ad
912 2648 1006 2697 unicum

203 2729 297 2777 misaam
318 2728 343 2776 in
365 2728 403 2775 dic
423 2729 620 2788 celebrandam»,
639 2730 682 2777 cir.
706 2730 765 2777 Acta
786 2730 934 2787 Sanctorum,
956 2732 1005 2778 eet.

204 2812 223 2857 t.
241 2810 270 2856 ll.
288 2823 343 2869 pag.
360 2810 416 2856 998.
434 2811 459 2855 et
475 2810 529 2857 999.

265 2892 289 2946 2)
308 2890 373 2937 luen.
392 2890 416 2949 ὃ,
433 2891 473 2937 47.
