2284 3425
507 187 620 228 Rusone
642 187 671 226 11.

188 485 245 541 lli.
268 517 305 526 —
326 481 368 541 De
388 480 483 540 divino
503 473 592 540 oflioio
613 489 643 540 et
661 480 776 552 ieiunio,
800 488 829 538 et
855 477 987 556 quomodo

321 579 421 639 frames
443 578 563 640 debeant
583 579 624 638 ire
644 598 693 656 per
712 577 855 638 mundum.

268 768 368 825 Clerici
396 767 503 824 faciant
529 768 655 825 divinum
685 767 805 826 officium
826 766 984 825 secuudum

187 855 312 924 ordinem
333 866 448 924 sanctae
470 882 602 924 romanae
622 865 763 928 Ecclesiae
785 865 900 936 excepto
913 863 986 936 psal·

188 965 268 1032 terio,
295 981 328 1022 er
357 981 411 1036 quo
439 963 542 1022 habere
570 965 706 1036 poterunt
733 963 882 1022 breviaria.
909 962 985 1018 Laici

189 1079 253 1121 vero
273 1063 370 1120 dicant
390 1063 493 1134 viginti
511 1063 635 1134 quatuor
649 1063 743 1120 Pater
756 1063 855 1120 noster
870 1076 919 1133 pro
930 1077 986 1116 ma·

188 1162 291 1229 totino,
306 1178 359 1234 pro
373 1161 456 1218 laudo
470 1161 603 1233 quinque,
616 1177 667 1232 pro
679 1160 779 1232 prima,
791 1160 886 1227 tertia,
898 1158 986 1225 sexta,

187 1273 275 1325 nonau'
293 1277 344 1332 pro
365 1259 492 1332 quotibet
510 1260 631 1316 istarum
653 1258 771 1332 septem,
791 1274 842 1330 pro
864 1257 988 1328 vesperis

186 1359 280 1416 autem
295 1357 449 1425 duodecim,
465 1375 517 1430 pro
530 1357 713 1429 completorio
727 1356 849 1428 septem:
864 1355 893 1413 et
906 1354 989 1412 orent

189 1473 239 1528 pro
259 1455 409 1513 defunctis.

267 1554 305 1612 Et
325 1553 451 1612 ieiuneut
464 1571 482 1611 a
496 1553 568 1612 festo
583 1555 707 1612 omnium
723 1553 883 1610 sanctorum
900 1566 988 1622 usque

186 1653 221 1710 ed
243 1652 433 1709 Nativitatem
458 1652 578 1710 Domini.
598 1651 729 1709 Sanctam
752 1667 818 1708 vero
835 1649 989 1723 quadrage-

101 1760 109 1773 '
187 1753 297 1821 simam,
318 1769 390 1825 quae
411 1752 510 1823 incipit
530 1751 567 1808 ab
589 1750 750 1824 Epiphania
765 1766 852 1822 usque
873 1748 909 1805 ad
922 1764 989 1805 con-

188 1851 283 1907 tinuos
304 1848 495 1920 quadraginta
516 1847 585 1915 dies,
603 1865 686 1920 quam
711 1842 847 1905 Dominus
862 1861 912 1902 suo
926 1860 989 1901 sen·

187 1947 232 2006 cto
254 1947 356 2004 ieiunio
376 1946 552 2004 consecravit
564 1945 620 2021 (1),
641 1946 689 2018 qui
704 1944 864 2003 voluntarie
877 1958 937 1999 eam
953 1940 989 1999 ie·

187 2045 289 2102 iuuant
310 2044 446 2102 benedicti
462 2045 552 2102 sinte
569 2044 695 2115 Domino,
712 2042 801 2117 etqui
817 2041 918 2100 uolunt
931 2056 994 2098 nou·

177 2144 246 2200 -sint
266 2143 388 2200 astricti.
409 2143 461 2200 Sed
482 2143 566 2200 aliam
589 2134 730 2215 usquead
746 2139 987 2197 Resurrectionem

188 2242 300 2299 Domini
320 2241 453 2298 ieiuuent.
476 2241 550 2298 Aliis
570 2241 664 2299 autom
687 2238 862 2311 temporibus
877 2253 931 2295 non
946 2236 988 2293 te-

187 2339 310 2396 neantur
330 2340 385 2396 nisi
406 2340 486 2396 sexta
507 2338 577 2397 feria
598 2335 731 2397 ieiunare.
759 2338 894 2408 Tempore
922 2350 988 2391 vero

156 2442 160 2446 ’
188 2438 353 2496 manifestae
374 2438 553 2496 necessitatis
574 2454 629 2495 non
651 2435 803 2494 teneantur
824 2427 928 2492 fratres
950 2434 989 2489 ie·

186 2536 263 2593 iunio
283 2536 433 2608 corporali.

252 2848 273 2903 1)
292 2846 342 2893 cfr.
360 2847 447 2891 naseu.
466 2846 490 2902 4,
508 2847 532 2891 2.
