2284 3425
236 211 238 218 ’
292 225 425 268 orricium
446 225 590 268 ressronrs
609 225 720 267 nomm.
849 209 906 266 129

379 463 425 525 Ad
446 419 627 526 Matutinnm.

185 617 258 676 Ant.
280 619 384 677 Sancta
406 619 496 676 Maria
517 619 617 692 Virgo.

431 735 582 830 Psotmns.

185 903 302 964 Domine
325 905 401 962 Deus
422 905 524 963 salutis
546 921 638 964 meae:
661 907 689 962 iu
715 905 759 963 die
787 907 907 965 clamavi

103 1002 133 1058 et
154 1003 235 1062 nocte
255 1019 349 1062 coram
372 1003 409 1061 te.
697 1067 700 1074 ,

185 1101 281 1159 Intret
300 1103 328 1159 iu
351 1102 502 1174 conspectu
524 1101 573 1160 tuo
594 1102 686 1162 oratio
705 1121 781 1162 mea:
803 1104 908 1161 iuciina

103 1217 201 1278 aurem
223 1201 302 1258 tuam
324 1201 358 1258 ad
381 1215 490 1272 precem
513 1218 614 1259 meam.
661 1180 666 1193 ⁸
847 1184 850 1188 Δ

184 1299 304 1356 Intende
332 1300 442 1356 animae
464 1316 540 1356 meae
565 1299 594 1356 et
622 1299 711 1357 iibcra
740 1318 816 1358 eam:
843 1316 908 1373 pro·

104 1397 169 1468 pter
191 1398 317 1456 inimicos
338 1413 414 1454 meos
435 1398 512 1468 eripe
534 1415 586 1455 mc.

186 1493 322 1562 Quoniam
343 1496 374 1552 tu
393 1513 432 1562 eso,
449 1497 496 1568 qui
511 1495 678 1554 abstraxisti
693 1514 736 1554 me
750 1497 784 1555 de
800 1497 907 1568 uentre,

104 1609 171 1666 spes
192 1594 310 1652 meaab
331 1593 464 1652 uberibus
486 1595 588 1652 matris
609 1612 700 1653 meae:
724 1597 752 1653 iu
772 1597 800 1653 te
822 1597 908 1668 proie-

103 1693 254 1751 ctus'sum
275 1709 308 1751 cx
328 1677 418 1757 utero.
635 1759 637 1762 ,

18 1780 19 1787 ¹
186 1792 227 1850 Do
249 1792 347 1851 ventre
369 1792 470 1849 matris
495 1810 574 1851 meae
595 1794 671 1851 Deus
697 1810 775 1851 meus
802 1811 832 1851 es
860 1794 907 1852 tu:

18 1942 19 1945 ,
104 1908 139 1948 ue
161 1891 324 1949 discesseris
346 1908 363 1949 a
385 1908 436 1948 me.

18 1968 19 1977 ἵ
153 2031 157 2037 ι
186 1990 228 2047 Tu
250 1991 305 2047 scis
325 1990 527 2062 improperium
550 2006 641 2046 meum
663 1990 692 2045 et
717 1990 907 2049 confusionem

105 2105 212 2145 meam:
235 2090 263 2145 et
284 2088 470 2146 reverentiam
493 2104 594 2145 rusam.

185 2186 221 2243 Iu
243 2187 394 2259 conspectu
416 2186 465 2244 tuo
487 2187 556 2243 sunt
577 2188 745 2259 omnesqui
768 2186 909 2245 tribulant

107 2300 162 2341 me:
185 2284 386 2356 improperium
415 2285 591 2355 exspectavit
611 2300 658 2343 cor
686 2301 777 2341 mcum
805 2286 835 2342 et
862 2287 909 2342 mi-

106 2398 219 2439 serram.

18 2548 19 2559 χ
186 2473 224 2539 Et
246 2482 378 2551 sustinui,
400 2483 446 2555 qui
466 2481 549 2539 simui
564 2483 795 2552 contristaretur,
810 2483 838 2540 et
853 2500 907 2542 nou

18 2584 20 2657 ᾗ
107 2578 176 2637 fnit:
198 2582 228 2637 et
248 2582 294 2653 qui
317 2582 520 2648 consolaretur,
543 2582 572 2639 ot
594 2597 649 2639 non
671 2582 775 2639 iuraui.
834 2621 837 2625 »

18 2662 19 2683 ἦ
186 2678 272 2747 Deus,
288 2680 375 2751 iniqui
390 2680 607 2737 insurrexerunt
618 2697 703 2751 super
718 2697 771 2749 me,
785 2680 814 2738 et
828 2698 908 2754 syna·

105 2794 184 2850 gogo.
202 2778 360 2850 potentium
384 2779 567 2850 quaesierunt
594 2780 718 2835 animam
747 2796 851 2837 meam:
881 2780 911 2836 et

107 2894 161 2935 uon
184 2878 394 2949 proposuerunt
415 2878 443 2933 te
464 2878 492 2933 iu
514 2878 666 2948 conspectu
687 2894 748 2936 suo.
