2284 3425
470 235 562 279 elene
584 236 622 278 iv.
805 201 806 204 ¹
912 219 950 275 67
1011 208 1015 218 ’

230 425 353 484 Ceiieule
386 443 461 493 vere,
494 441 591 484 moneo
623 427 651 483 et
682 425 821 483 enini-ten
849 426 953 482 fratres

76 525 81 530 '
151 541 227 582 meos
248 526 277 581 in
298 524 418 582 Domine
439 525 504 582 Iesu
527 523 703 592 Christuut,
719 523 830 596 qnando
847 522 954 581 vadunt

151 638 202 694 per
223 623 368 692 nundum,
390 639 445 681 nen
467 623 582 696 litigent
601 638 692 694 neque
706 621 882 679 contendant
895 637 953 678 eer-

150 720 251 798 lu'sll)
273 738 324 779 nee
344 722 420 780 alies.
436 720 576 791 indicent3
598 721 646 778 sed
665 721 724 778 sint
737 721 829 788 milen,
846 719 952 792 pacifici
1044 800 1046 806 Ι
1126 687 1127 754 ἶ

149 820 180 877 et
194 801 323 888 modesti,
338 821 479 878 mansueti
494 821 523 878 et
537 819 667 888 humiles,
680 819 796 878 honeste
806 819 957 891 loquenten

148 919 291 982 omnibus,
312 920 385 979 sient
410 919 497 977 deeet.
519 918 557 975 Et
584 936 639 978 nen
669 918 790 976 debeant
817 918 953 991 equitare,
1031 914 1033 922 ’

149 1016 205 1074 nisi
227 1016 377 1076 manifesta
398 1018 565 1076 necessitate
595 1018 637 1075 vel
668 1017 835 1075 infirmitate
855 1033 955 1090 eogen-

150 1116 210 1173 tur.
222 1115 261 1173 In
273 1132 482 1188 quamcumque
493 1115 611 1178 domun
627 1117 812 1187 intrauerint,
825 1117 954 1188 prtuuuuu

149 1215 266 1272 dieunt:
289 1215 358 1272 Pau
378 1215 448 1274 huie
468 1214 578 1272 domui.
596 1215 634 1271 Et
652 1215 803 1272 seeundum
824 1213 953 1272 sanetum

149 1311 339 1386 Evangelinin
351 1314 395 1387 (2)
415 1313 449 1372 de
463 1313 592 1372 omnibns
607 1313 685 1381 cille,
697 1314 749 1384 qut
764 1316 955 1386 apponuntur

147 1411 200 1478 eis,
221 1410 306 1493 liceat
325 1411 514 1469 munducare.

183 1616 236 1674 IV.
258 1647 296 1662 -·
318 1613 396 1688 Quod
416 1614 516 1674 fratres
536 1634 591 1674 nen
614 1614 749 1693 recipient
769 1614 922 1693 pecuniam.
1004 1595 1005 1601 ἵ

233 1804 379 1878 Praecipio
390 1804 510 1863 firmiter
521 1805 659 1863 fratribus
672 1806 820 1873 universiu
832 1807 865 1864 ut
876 1806 955 1864 nulle

150 1903 233 1961 mede
253 1903 385 1962 denarios
408 1904 451 1961 vel
473 1904 618 1976 pecuniane
643 1904 781 1976 recipiant
797 1921 846 1975 per
868 1922 897 1961 se
912 1904 956 1961 vel

151 2018 203 2074 per
224 2002 422 2073 interpositum
451 2018 609 2073 personum.
631 2002 735 2059 'lamen
761 2018 812 2073 pre
841 2004 956 2059 necessi·
1031 2075 1034 2083 Ι

150 2096 264 2157 tetibns
289 2100 467 2157 infirmorum
493 2100 522 2157 et
549 2100 614 2157 aliis
642 2099 780 2159 frutribus
808 2099 966 2157 induendisv

152 2214 204 2270 per
224 2199 329 2256 amieos
350 2198 515 2270 spirituales
536 2198 661 2255 ministri
681 2198 795 2255 'tantuin
818 2185 847 2256 et
867 2200 957 2255 euste-

150 2296 202 2354 des
227 2296 377 2355 sollicitam
405 2313 500 2354 curem
529 2297 633 2369 gerant
661 2297 811 2355 seeundum
841 2298 901 2355 leea
929 2298 958 2354 et

151 2395 282 2467 tempora
302 2395 331 2452 et
352 2395 471 2467 frigidas
492 2397 631 2468 regieneS,
653 2390 726 2454 sieut
740 2396 901 2453 necessitati
919 2398 957 2451 vi-

151 2494 248 2550 derint
261 2493 406 2565 expedire;
428 2510 459 2552 ee
474 2510 585 2565 semper
600 2494 689 2563 salve,
705 2494 747 2567 nt,
762 2495 836 2551 sient
851 2494 955 2551 dietum
1037 2515 1040 2521 ·

150 2592 206 2664 est,
227 2592 358 2650 denarios
378 2593 422 2649 vel
437 2594 590 2664 pecuniam
613 2609 667 2649 nen
691 2594 838 2665 recipiant.

219 2824 241 2880 l)
260 2823 309 2869 Clr.
327 2823 357 2869 11.
375 2819 435 2870 Tin.
452 2822 477 2880 2,
496 2823 534 2868 14.
553 2824 578 2868 et
594 2822 643 2869 Tit.
662 2824 686 2880 3,
704 2824 727 2869 2.

216 2904 241 2960 2)
260 2904 315 2951 Lue.
337 2903 373 2961 10,
390 2904 414 2949 5.
433 2905 458 2949 et
474 2902 496 2948 8.
