2284 3425
401 235 491 278 orror
512 235 592 277 xxm.
859 217 893 275 o]

9 448 10 453 1
93 423 189 480 totum
203 424 316 491 honum,
328 442 426 482 verum
440 425 470 482 et
480 442 620 482 summum
633 425 747 493 bonum,
758 426 805 497 qui
817 423 898 483 solus

9 534 10 555 ³
92 521 143 577 est
163 521 316 598 occasu),
332 524 396 594 pius
409 523 439 579 ot
460 524 546 590 mitis
562 524 659 581 suavis
680 522 709 579 et
729 522 828 589 dulc-ie,
850 523 898 595 qui

92 619 175 676 solus
194 621 238 677 est
259 622 385 688 sanctus,
407 622 509 689 iustus,
525 638 610 678 verus
631 622 661 678 et
675 621 777 689 rectus,
791 622 838 693 qui
854 636 899 679 so·

92 718 142 774 lus
164 716 208 774 eet
227 718 376 791 benignus,
398 720 531 777 innocens
552 720 582 776 et
604 719 734 787 mundus,
755 737 772 776 a
794 735 848 792 quo
870 721 899 776 et

94 832 146 886 per
168 821 250 888 quem
271 818 300 874 et
321 819 349 876 in
371 834 425 890 quo
446 819 491 875 est
512 819 603 876 omnis
619 819 710 886 venia,
725 819 815 876 omnis
835 823 898 890 gma-

9 984 10 987 ,
92 915 145 982 tia,
168 917 260 973 omnis
279 916 372 988 gloria
392 918 515 974 omnium
539 911 742 989 poenitentium
765 917 794 974 et
814 918 898 974 iusto·

9 1018 13 1029 '
93 1029 168 1080 rum,
192 1015 315 1070 omnium
337 1014 484 1073 beatorum
499 1015 631 1072 incaelis
649 1015 896 1086 congaudentium.

9 1110 10 1185 ἦ
93 1110 177 1167 Nihil
199 1128 266 1184 ergo
281 1129 332 1171 nos
346 1113 491 1185 impediat,
507 1112 579 1170 nihil
595 1113 717 1185 separet,
728 1112 799 1170 nihil
814 1114 898 1171 inter·

92 1209 183 1280 polet
197 1210 306 1283 Ubique
317 1209 362 1284 (a)
378 1228 429 1269 nos
443 1228 548 1277 omnes,
564 1213 639 1269 omni
654 1212 724 1281 loco,
737 1212 812 1270 omni
828 1212 898 1270 hora
989 1262 992 1270 .

670 1297 674 1306 ι

92 1309 123 1364 et
136 1309 212 1366 omni
227 1309 364 1382 tempore,
377 1310 501 1383 quotidie
510 1310 553 1388 (h)
565 1311 595 1368 et
609 1311 740 1368 continue
752 1311 898 1368 credamus

92 1406 234 1464 voraciter
256 1407 286 1464 et
305 1407 452 1466 humiliter
479 1408 508 1466 et
535 1409 564 1464 in
592 1408 674 1465 corde
701 1409 848 1466 innuamus
869 1411 898 1466 et
956 1419 958 1424 '

9 1524 10 1533 ¹
91 1522 230 1573 amemus,
251 1505 431 1574 honoremus,
446 1505 605 1573 adoremus,
621 1507 787 1574 serviamus,
802 1506 897 1564 laude·

92 1620 156 1660 mus
178 1604 209 1660 et
229 1603 434 1672 benedicamus
455 1603 646 1677 glorificemus
664 1603 693 1660 et
707 1606 898 1676 superexalte-

67 1719 166 1770 mus,
188 1701 401 1775 magnificemus
422 1704 452 1760 et
471 1703 583 1776 gratias
610 1720 729 1776 agamus
757 1702 897 1761 altissimo

91 1802 122 1858 et
142 1818 254 1861 summo
276 1802 333 1861 Deo
354 1802 478 1868 aeterno,
500 1802 635 1859 Trinitati
656 1800 686 1858 et
707 1800 827 1869 Unitati‚
844 1800 897 1857 Pa·

91 1899 131 1956 tri
152 1900 183 1957 et
203 1900 275 1958 Filio
296 1900 325 1957 et
345 1900 463 1972 Spiritui
486 1901 593 1965 sancto,
617 1899 742 1956 Creatori
762 1900 895 1966 omnium,

90 1998 236 2055 Salvatori
257 1999 286 2055 in
308 2016 337 2055 se
357 1998 531 2056 credentium
553 1998 583 2055 et
603 1996 780 2071 sperantium
802 1998 831 2053 et
858 1997 897 2053 di·

53 2143 60 2156 .
91 2097 243 2169 ligentium
264 2113 338 2164 eum,
352 2097 399 2169 qui
422 2098 482 2152 sine
503 2096 585 2153 initio
604 2095 633 2152 et
645 2095 705 2151 sine
719 2094 784 2162 fine,
800 2096 896 2151 immu-

91 2194 252 2269 tabilis(c)‚
267 2193 426 2262 invisibilis,
448 2194 657 2259 inenarrabilis,
678 2192 839 2260 ineffabilia,
854 2194 896 2249 in·

91 2292 363 2365 comprehensibilis.
379 2291 596 2365 investigabilia,
612 2291 783 2359 benedictus,
798 2292 896 2349 lauda-

94 2392 168 2459 bilis,
182 2392 335 2464 gloriosus,
350 2390 591 2464 superexaltatus,
607 2390 745 2459 sublimis,
760 2391 896 2463 excelsae,

93 2492 200 2557 suavis,
221 2489 361 2555 anrahilis,
382 2489 557 2548 delectabilis
578 2490 607 2546 et
621 2489 700 2547 totus
721 2506 831 2562 semper·
852 2506 895 2545 su·

92 2605 142 2660 per
172 2590 266 2646 omnia
297 2587 491 2645 desiderabilis
521 2587 565 2644 est
597 2588 624 2644 in
659 2588 770 2645 saecula
803 2603 895 2644 saecu·

93 2687 195 2744 lorum.

157 2900 179 2957 ι)
197 2898 252 2945 uuo.
273 2898 311 2954 re,
332 2898 368 2945 re.
