2284 3425
423 227 513 268 assos
534 228 604 270 xxn.
875 211 912 268 53

110 415 190 488 sequi
213 414 391 483 volontatem
406 415 518 475 Domini
539 415 569 474 ei
587 416 697 488 placere
711 417 775 489 ipsi'.
791 415 913 474 Multum

109 529 271 580 caveamus,
293 531 328 571 no
349 515 438 572 simus
459 514 537 572 terra
551 531 632 573 secus
650 516 726 572 viam
741 515 785 572 vol
800 513 915 587 petrosa

109 613 157 670 vol
171 613 296 684 spinosa,
308 612 460 671 secundum
471 612 544 686 qnod
555 613 624 672 dicii
635 613 772 672 Dominus
782 613 811 670 in
823 612 915 670 lison-

19 752 20 773 2
108 711 185 784 gotio
193 709 254 784 (1):
269 709 373 768 Sernen
385 715 428 770 esi
439 712 558 769 uerbum
573 713 640 769 Dei.
661 712 746 788 Quart
762 713 857 768 autern
876 728 916 770 se·

19 812 20 823 ¹
109 826 162 868 cus
175 811 256 866 viam
275 808 377 867 cecidit
395 813 423 867 et
444 810 645 868 conculcatam
668 813 710 868 est
724 810 756 867 tu·
769 813 849 884 sunt,
863 811 916 882 qui

19 928 20 935 ¹
109 907 242 965 audiunt
260 906 379 965 aerium
399 912 426 966 et
445 925 507 966 non
522 908 708 984 intettipunt3
724 912 750 966 et
764 906 916 976 confestim

109 1007 191 1064 renit
210 1005 346 1064 diabotus
367 1009 395 1064 et
414 1008 496 1079 rapit
515 1009 596 1080 quod
618 1008 793 1066 seminatum
814 1010 856 1065 est
882 1008 915 1064 in

108 1105 249 1164 cordibus
262 1120 372 1178 eornm,
387 1108 415 1162 ct
437 1105 517 1164 toltit
530 1105 648 1163 corbum
670 1105 703 1163 cte
724 1103 860 1164 cordibus
873 1122 916 1164 eo-

109 1221 189 1276 rum,
209 1186 409 1262 ne'creaicntes
430 1203 506 1262 salai
525 1203 610 1275 aaut.
636 1203 721 1279 Quod
744 1207 842 1262 autern
870 1221 916 1263 su·

104 1318 163 1375 per
182 1305 329 1374 petrosam
345 1300 447 1382 cecidit
460 1302 493 1359 tii
506 1304 586 1375 suast,
603 1307 664 1376 qai,
679 1318 745 1360 anns
766 1302 917 1361 audierint

110 1401 239 1473 verbum,
254 1400 355 1458 statim
375 1417 440 1458 curn
459 1400 571 1474 paudio
590 1402 755 1473 suscipiunt
768 1397 917 1472 iituetpfa'·

109 1502 158 1557 cta
179 1501 277 1556 autem
298 1498 488 1557 tribulatione
515 1500 766 1572 contristatione,
789 1503 917 1572 propter

109 1597 232 1654 neriam
252 1597 391 1655 continuo
411 1596 666 1671 scandalizantur,
691 1600 718 1655 et
738 1597 769 1655 tn'
789 1597 916 1656 radicem

111 1697 146 1754 in
166 1712 198 1755 se
217 1712 279 1753 non
299 1695 414 1765 habent,
434 1694 487 1755 sed
507 1696 682 1775 temporales
697 1699 776 1769 sunt,
792 1696 863 1769 quio
878 1698 918 1757 ao

112 1798 227 1866 ternpus
238 1794 363 1852 nectant
371 1798 400 1853 et
412 1796 445 1852 in
456 1796 582 1868 tempore
594 1796 763 1853 tentationis
773 1794 917 1853 recedunt.

114 1892 203 1970 Quod
222 1894 320 1951 annm
342 1894 375 1951 in
394 1894 493 1965 spinis
512 1893 615 1951 cecidit
637 1894 668 1951 tii
689 1896 767 1966 sunt,
790 1894 841 1966 pai
857 1910 917 1951 oer-

109 1992 180 2050 bum
207 1989 263 2049 Dei
290 1991 432 2061 audiunt;
453 1994 480 2049 et
506 1991 675 2049 sollicitudo
703 1994 731 2048 et
758 2007 916 2049 aeramnae

110 2091 202 2148 istius
221 2088 331 2147 saecuti
351 2092 378 2146 et
398 2087 522 2159 fallacia
543 2090 716 2148 divitiarum
735 2092 761 2146 et
776 2090 854 2146 circa
876 2106 918 2147 re·

110 2177 202 2260 tiana¹
217 2174 467 2259 concupiscentiae
487 2188 668 2245 introeuntes
688 2186 836 2256 suffocant
859 2203 917 2246 aer·

110 2287 191 2357 bam,
211 2288 240 2342 et
265 2286 328 2343 sine
354 2282 455 2353 fricatu
482 2284 617 2357 efficitur.
649 2285 733 2361 Quod
760 2288 858 2343 autern
886 2287 918 2344 in

110 2386 222 2441 terram
243 2382 351 2440 bonam
371 2383 547 2441 seminatura
576 2386 619 2442 est
646 2384 677 2441 iti
705 2386 858 2457 santoni
885 2386 917 2442 in

112 2481 201 2540 corde
222 2482 295 2539 bona
316 2484 344 2539 et
365 2483 474 2555 optima
496 2484 646 2541 audientes
667 2484 783 2541 oerburn
811 2483 916 2541 inteili-

110 2582 190 2654 pant
215 2583 243 2638 et
269 2582 395 2638 retinent
427 2582 455 2637 et
487 2579 617 2649 fructum
652 2580 780 2650 afferunt
807 2582 841 2639 in
865 2598 917 2655 pa·
1022 2623 1026 2629 -

115 2678 229 2735 ticntia.

134 2943 139 2950 ‚
181 2890 204 2949 1)
222 2890 311 2937 uasto.
332 2890 370 2950 13,
391 2889 473 2945 lsi-2&
493 2890 566 2938 Marc.
584 2890 608 2949 4,
626 2888 711 2945 15-20;
731 2891 786 2937 Luc.
800 2891 824 2950 8,
838 2892 917 2939 11-15.
